@INPROCEEDINGS{bender2021stochastic,
  AUTHOR = {Bender, Emily M and Gebru, Timnit and McMillan-Major, Angelina and Shmitchell, Shmargaret},
  BOOKTITLE = {Proceedings of the 2021 ACM Conference on Fairness, Accountability, and Transparency},
  DATE = {2021},
  PAGES = {610--623},
  TITLE = {On the Dangers of Stochastic Parrots: Can Language Models Be Too Big?},
}

@INPROCEEDINGS{foo,
  AUTHOR = {Bender, Emily M. and Gebru, Timnit and McMillan-Major, Angelina and Shmitchell, Shmargaret},
  LOCATION = {Virtual Event, Canada},
  PUBLISHER = {Association for Computing Machinery},
  URL = {https://doi.org/10.1145/3442188.3445922},
  BOOKTITLE = {Proceedings of the 2021 ACM Conference on Fairness, Accountability, and Transparency},
  DATE = {2021},
  PAGES = {610--623},
  SERIES = {FAccT '21},
  TITLE = {On the Dangers of Stochastic Parrots: Can Language Models Be Too Big?},
}

@ARTICLE{10.1145/3449139,
  AUTHOR = {Liu, Ruibo and Jia, Chenyan and Vosoughi, Soroush},
  LOCATION = {New York, NY, USA},
  PUBLISHER = {Association for Computing Machinery},
  URL = {https://doi.org/10.1145/3449139},
  DATE = {2021-04},
  DOI = {10.1145/3449139},
  JOURNALTITLE = {Proc. ACM Hum.-Comput. Interact.},
  BOOKTITLE = {Proc. ACM Hum.-Comput. Interact.},
  KEYWORDS = {journalism,selective exposure,transformer-based models,neural networks,echo chamber,automatic polarity transfer,political polarization},
  NUMBER = {CSCW1},
  TITLE = {A Transformer-Based Framework for Neutralizing and Reversing the Political Polarity of News Articles},
  VOLUME = {5},
}

@INPROCEEDINGS{49029,
  AUTHOR = {Guo, Mandy and Dai, Zihang and Vrandecic, Denny and Al-Rfou, Rami},
  BOOKTITLE = {LREC 2020},
  DATE = {2020},
  TITLE = {Wiki-40B: Multilingual Language Model Dataset},
}

@INPROCEEDINGS{8953411,
  AUTHOR = {Webster, Ryan and Rabin, Julien and Simon, Loïc and Jurie, Frédéric},
  BOOKTITLE = {2019 IEEE/CVF Conference on Computer Vision and Pattern Recognition (CVPR)},
  DATE = {2019},
  DOI = {10.1109/CVPR.2019.01153},
  PAGES = {11265--11274},
  TITLE = {Detecting Overfitting of Deep Generative Networks via Latent Recovery},
}

@INPROCEEDINGS{aaai1817015,
  AUTHOR = {Fu, Zhenxin and Tan, Xiaoye and Peng, Nanyun and Zhao, Dongyan and Yan, Rui},
  URL = {https://www.aaai.org/ocs/index.php/AAAI/AAAI18/paper/view/17015},
  BOOKTITLE = {Proceedings of the AAAI Conference on Artificial Intelligence},
  DATE = {2018},
  TITLE = {Style Transfer in Text: Exploration and Evaluation},
}

@INPROCEEDINGS{abadi2016deep,
  AUTHOR = {Abadi, Martin and Chu, Andy and Goodfellow, Ian and McMahan, H Brendan and Mironov, Ilya and Talwar, Kunal and Zhang, Li},
  BOOKTITLE = {Proceedings of the 2016 ACM SIGSAC conference on computer and communications security},
  DATE = {2016},
  PAGES = {308--318},
  TITLE = {Deep learning with Differential Privacy},
}

@INPROCEEDINGS{adelani2020generating,
  AUTHOR = {Adelani, David Ifeoluwa and Mai, Haotian and Fang, Fuming and Nguyen, Huy H and Yamagishi, Junichi and Echizen, Isao},
  ORGANIZATION = {Springer},
  BOOKTITLE = {International Conference on Advanced Information Networking and Applications},
  DATE = {2020},
  PAGES = {1341--1354},
  TITLE = {Generating sentiment-preserving fake online reviews using neural language models and their human-and machine-based detection},
}

@ARTICLE{heaven2020gpt,
  AUTHOR = {Heaven, Will Douglas},
  URL = {https://www.technologyreview.com/2020/10/08/1009845/a-gpt-3-bot-posted-comments-on-reddit-for-a-week-and-no-one-noticed/},
  DATE = {2020},
  JOURNALTITLE = {MIT Technology Review.},
  BOOKTITLE = {MIT Technology Review.},
  TITLE = {A GPT-3 Bot Posted Comments on Reddit for a Week and No one Noticed},
  VOLUME = {24},
}

@ARTICLE{vincent2019openai,
  AUTHOR = {Vincent, James},
  URL = {https://www.theverge.com/2019/2/14/18224704/ai-machine-learning-language-models-read-write-openai-gpt2},
  DATE = {2019},
  JOURNALTITLE = {The Verge},
  BOOKTITLE = {The Verge},
  TITLE = {OpenAI’s New Multitalented AI Writes, Translates, and Slanders},
  VOLUME = {14},
}

@ARTICLE{chatgptfourchan,
  AUTHOR = {Mellor, Sophie},
  URL = {https://fortune.com/2022/06/10/ai-chatbot-trained-on-4chan-by-yannic-kilcher-draw-ethics-questions/},
  DATE = {2022},
  JOURNALTITLE = {Fortune},
  BOOKTITLE = {Fortune},
  TITLE = {A YouTuber trained an A.I. bot on toxic 4Chan posts then let it loose — and experts aren’t happy},
}

@ARTICLE{chatgptban,
  AUTHOR = {Johnson, Arianna},
  URL = {https://www.forbes.com/sites/ariannajohnson/2023/01/18/chatgpt-in-schools-heres-where-its-banned-and-how-it-could-potentially-help-students/?sh=218ddcd06e2c},
  DATE = {2023},
  JOURNALTITLE = {Forbes},
  BOOKTITLE = {Forbes},
  TITLE = {ChatGPT In Schools: Here’s Where It’s Banned—And How It Could Potentially Help Students},
}

@INPROCEEDINGS{orsic2019defense,
  AUTHOR = {Orsic, Marin and Kreso, Ivan and Bevandic, Petra and Segvic, Sinisa},
  BOOKTITLE = {Proceedings of the IEEE/CVF Conference on Computer Vision and Pattern Recognition},
  DATE = {2019},
  PAGES = {12607--12616},
  TITLE = {In Defense of Pre-trained Imagenet Architectures for Real-time Semantic Segmentation of Road-Driving Images},
}

@ARTICLE{cadrin2022moving,
  AUTHOR = {Cadrin-Chênevert, Alexandre},
  PUBLISHER = {Radiological Society of North America},
  DATE = {2022},
  JOURNALTITLE = {Radiology: Artificial Intelligence},
  BOOKTITLE = {Radiology: Artificial Intelligence},
  NUMBER = {5},
  PAGES = {e220126},
  TITLE = {Moving from ImageNet to RadImageNet for improved transfer learning and generalizability},
  VOLUME = {4},
}

@inproceedings{akoury2020storium,
    title = "{STORIUM}: {A} {D}ataset and {E}valuation {P}latform for {M}achine-in-the-{L}oop {S}tory {G}eneration",
    author = "Akoury, Nader  and
      Wang, Shufan  and
      Whiting, Josh  and
      Hood, Stephen  and
      Peng, Nanyun  and
      Iyyer, Mohit",
    booktitle = "Proceedings of the 2020 Conference on Empirical Methods in Natural Language Processing (EMNLP)",
    month = nov,
    year = "2020",
    address = "Online",
    publisher = "Association for Computational Linguistics",
    url = "https://aclanthology.org/2020.emnlp-main.525",
    doi = "10.18653/v1/2020.emnlp-main.525",
    pages = "6470--6484",
}

@INPROCEEDINGS{allamanis2019adverse,
  AUTHOR = {Allamanis, Miltiadis},
  BOOKTITLE = {Proceedings of the 2019 ACM SIGPLAN International Symposium on New Ideas, New Paradigms, and Reflections on Programming and Software},
  DATE = {2019},
  PAGES = {143--153},
  TITLE = {The adverse effects of code duplication in machine learning models of code},
}

@ARTICLE{allcott2017social,
  AUTHOR = {Allcott, Hunt and Gentzkow, Matthew},
  DATE = {2017},
  JOURNALTITLE = {Journal of economic perspectives},
  BOOKTITLE = {Journal of economic perspectives},
  NUMBER = {2},
  PAGES = {211--36},
  TITLE = {Social media and fake news in the 2016 election},
  VOLUME = {31},
}

@INPROCEEDINGS{anderson2016spice,
  AUTHOR = {Anderson, Peter and Fernando, Basura and Johnson, Mark and Gould, Stephen},
  URL = {https://arxiv.org/abs/1607.08822},
  BOOKTITLE = {European Conference on Computer Vision},
  DATE = {2016},
  TITLE = {SPICE: Semantic Propositional Image Caption Evaluation},
}

@INPROCEEDINGS{anderson2018bottom,
  AUTHOR = {Anderson, Peter and He, Xiaodong and Buehler, Chris and Teney, Damien and Johnson, Mark and Gould, Stephen and Zhang, Lei},
  URL = {http://openaccess.thecvf.com/content_cvpr_2018/CameraReady/1163.pdf},
  BOOKTITLE = {Proceedings of the IEEE Conference on Computer Vision and Pattern Recognition},
  DATE = {2018},
  PAGES = {6077--6086},
  TITLE = {Bottom-up and top-down attention for image captioning and visual question answering},
}

@inproceedings{anil2021large,
    title = "Large-Scale Differentially Private {BERT}",
    author = "Anil, Rohan  and
      Ghazi, Badih  and
      Gupta, Vineet  and
      Kumar, Ravi  and
      Manurangsi, Pasin",
    booktitle = "Findings of the Association for Computational Linguistics: EMNLP 2022",
    year = "2022",
    address = "Abu Dhabi, United Arab Emirates",
    publisher = "Association for Computational Linguistics",
    url = "https://aclanthology.org/2022.findings-emnlp.484",
    pages = "6481--6491",
}

@INPROCEEDINGS{arjovsky2017wasserstein,
  AUTHOR = {Arjovsky, Martin and Chintala, Soumith and Bottou, Léon},
  ORGANIZATION = {PMLR},
  BOOKTITLE = {International conference on machine learning},
  DATE = {2017},
  PAGES = {214--223},
  TITLE = {Wasserstein generative adversarial networks},
}

@INPROCEEDINGS{arpit2017closer,
  AUTHOR = {Arpit, Devansh and Jastrzębski, Stanis{ł}aw and Ballas, Nicolas and Krueger, David and Bengio, Emmanuel and Kanwal, Maxinder S and Maharaj, Tegan and Fischer, Asja and Courville, Aaron and Bengio, Yoshua and others},
  ORGANIZATION = {PMLR},
  BOOKTITLE = {International Conference on Machine Learning},
  DATE = {2017},
  PAGES = {233--242},
  TITLE = {A closer look at memorization in deep networks},
}

@ARTICLE{austin2021program,
  AUTHOR = {Austin, Jacob and Odena, Augustus and Nye, Maxwell and Bosma, Maarten and Michalewski, Henryk and Dohan, David and Jiang, Ellen and Cai, Carrie and Terry, Michael and Le, Quoc and others},
  DATE = {2021},
  JOURNALTITLE = {arXiv preprint arXiv:2108.07732},
  BOOKTITLE = {arXiv preprint arXiv:2108.07732},
  TITLE = {Program Synthesis with Large Language Models},
}

@ARTICLE{bahdanau2014neural,
  AUTHOR = {Bahdanau, Dzmitry and Cho, Kyunghyun and Bengio, Yoshua},
  DATE = {2014},
  JOURNALTITLE = {arXiv preprint arXiv:1409.0473},
  BOOKTITLE = {arXiv preprint arXiv:1409.0473},
  TITLE = {Neural Machine Translation by Jointly Learning to Align and Translate},
}

@inproceedings{baheti2018generating,
  title={Generating More Interesting Responses in Neural Conversation Models with Distributional Constraints},
  author={Baheti, Ashutosh and Ritter, Alan and Li, Jiwei and Dolan, William B},
  booktitle={Proceedings of the 2018 Conference on Empirical Methods in Natural Language Processing},
  pages={3970--3980},
  year={2018}
}

@MISC{bandy2021addressing,
  AUTHOR = {Bandy, Jack and Vincent, Nicholas},
  DATE = {2021},
  EPRINT = {2105.05241},
  EPRINTCLASS = {cs.CL},
  EPRINTTYPE = {arXiv},
  TITLE = {Addressing "Documentation Debt" in Machine Learning Research: A Retrospective Datasheet for BookCorpus},
}

@INPROCEEDINGS{barrault2019wmt,
  AUTHOR = {Barrault, Loic and Bojar, Ondrej and Costa-jussa, Marta R. and Federmann, Christian and Fishel, Mark and Graham, Yvette and Haddow, Barry and Huck, Matthias and Koehn, Philipp and Malmasi, Shervin and Monz, Christof and Muller, Mathias and Pal, Santanu and Post, Matt and Zampieri, Marcos},
  LOCATION = {Florence, Italy},
  PUBLISHER = {Association for Computational Linguistics},
  URL = {http://www.aclweb.org/anthology/W19-5301},
  BOOKTITLE = {Proceedings of the Fourth Conference on Machine Translation (Volume 2: Shared Task Papers, Day 1)},
  DATE = {2019-08},
  PAGES = {1--61},
  TITLE = {Findings of the 2019 Conference on Machine Translation (WMT19)},
}

@ARTICLE{bakhtin2019real,
  AUTHOR = {Bakhtin, Anton and Gross, Sam and Ott, Myle and Deng, Yuntian and Ranzato, Marc'Aurelio and Szlam, Arthur},
  DATE = {2019},
  JOURNALTITLE = {arXiv preprint arXiv:1906.03351},
  BOOKTITLE = {arXiv preprint arXiv:1906.03351},
  TITLE = {Real or Fake? Learning to Discriminate Machine from Human Generated Text},
}

@article{bartlett2017spectrally,
  title={Spectrally-normalized margin bounds for neural networks},
  author={Bartlett, Peter L and Foster, Dylan J and Telgarsky, Matus J},
  journal={Advances in Neural Information Processing Systems},
  volume={30},
  year={2017}
}

@MISC{brown2016cops,
  AUTHOR = {Brown, D. W.},
  DATE = {2016},
  NOTE = {Retrieved from http://www.thegrammarlab.com},
  TITLE = {Corpus of Presidential Speeches},
}

@ARTICLE{basu2021influencefi,
  AUTHOR = {Basu, Samyadeep and Pope, Philip and Feizi, Soheil},
  DATE = {2021},
  JOURNALTITLE = {ArXiv},
  BOOKTITLE = {ArXiv},
  TITLE = {Influence Functions in Deep Learning Are Fragile},
  VOLUME = {abs/2006.14651},
}

@INPROCEEDINGS{belkin2018understand,
  AUTHOR = {Belkin, Mikhail and Ma, Siyuan and Mandal, Soumik},
  ORGANIZATION = {PMLR},
  BOOKTITLE = {International Conference on Machine Learning},
  DATE = {2018},
  PAGES = {541--549},
  TITLE = {To understand deep learning we need to understand kernel learning},
}

@ARTICLE{bender2018data,
  AUTHOR = {Bender, Emily M. and Friedman, Batya},
  URL = {https://www.aclweb.org/anthology/Q18-1041},
  DATE = {2018},
  DOI = {10.1162/tacl_a_00041},
  JOURNALTITLE = {Transactions of the Association for Computational Linguistics},
  BOOKTITLE = {Transactions of the Association for Computational Linguistics},
  PAGES = {587--604},
  TITLE = {Data Statements for Natural Language Processing: Toward Mitigating System Bias and Enabling Better Science},
  VOLUME = {6},
}

@INCOLLECTION{bengio+chapter2007,
  AUTHOR = {Bengio, Yoshua and LeCun, Yann},
  PUBLISHER = {MIT Press},
  BOOKTITLE = {Large Scale Kernel Machines},
  DATE = {2007},
  TITLE = {Scaling Learning Algorithms Towards {AI}},
}

@ARTICLE{bloom1970space,
  AUTHOR = {Bloom, Burton H},
  PUBLISHER = {ACM New York, NY, USA},
  DATE = {1970},
  JOURNALTITLE = {Communications of the ACM},
  BOOKTITLE = {Communications of the ACM},
  NUMBER = {7},
  PAGES = {422--426},
  TITLE = {Space/time trade-offs in hash coding with allowable errors},
  VOLUME = {13},
}

@ARTICLE{bommasani2021-rp,
  AUTHOR = {Bommasani, Rishi and Hudson, Drew A and Adeli, Ehsan and Altman, Russ and Arora, Simran and von Arx, Sydney and Bernstein, Michael S and Bohg, Jeannette and Bosselut, Antoine and Brunskill, Emma and Brynjolfsson, Erik and Buch, Shyamal and Card, Dallas and Castellon, Rodrigo and Chatterji, Niladri and Chen, Annie and Creel, Kathleen and Davis, Jared Quincy and Demszky, Dora and Donahue, Chris and Doumbouya, Moussa and Durmus, Esin and Ermon, Stefano and Etchemendy, John and Ethayarajh, Kawin and Fei-Fei, Li and Finn, Chelsea and Gale, Trevor and Gillespie, Lauren and Goel, Karan and Goodman, Noah and Grossman, Shelby and Guha, Neel and Hashimoto, Tatsunori and Henderson, Peter and Hewitt, John and Ho, Daniel E and Hong, Jenny and Hsu, Kyle and Huang, Jing and Icard, Thomas and Jain, Saahil and Jurafsky, Dan and Kalluri, Pratyusha and Karamcheti, Siddharth and Keeling, Geoff and Khani, Fereshte and Khattab, Omar and Kohd, Pang Wei and Krass, Mark and Krishna, Ranjay and Kuditipudi, Rohith and Kumar, Ananya and Ladhak, Faisal and Lee, Mina and Lee, Tony and Leskovec, Jure and Levent, Isabelle and Li, Xiang Lisa and Li, Xuechen and Ma, Tengyu and Malik, Ali and Manning, Christopher D and Mirchandani, Suvir and Mitchell, Eric and Munyikwa, Zanele and Nair, Suraj and Narayan, Avanika and Narayanan, Deepak and Newman, Ben and Nie, Allen and Niebles, Juan Carlos and Nilforoshan, Hamed and Nyarko, Julian and Ogut, Giray and Orr, Laurel and Papadimitriou, Isabel and Park, Joon Sung and Piech, Chris and Portelance, Eva and Potts, Christopher and Raghunathan, Aditi and Reich, Rob and Ren, Hongyu and Rong, Frieda and Roohani, Yusuf and Ruiz, Camilo and Ryan, Jack and Ré, Christopher and Sadigh, Dorsa and Sagawa, Shiori and Santhanam, Keshav and Shih, Andy and Srinivasan, Krishnan and Tamkin, Alex and Taori, Rohan and Thomas, Armin W and Tramèr, Florian and Wang, Rose E and Wang, William and Wu, Bohan and Wu, Jiajun and Wu, Yuhuai and Xie, Sang Michael and Yasunaga, Michihiro and You, Jiaxuan and Zaharia, Matei and Zhang, Michael and Zhang, Tianyi and Zhang, Xikun and Zhang, Yuhui and Zheng, Lucia and Zhou, Kaitlyn and Liang, Percy},
  DATE = {2021-08},
  EPRINT = {2108.07258},
  EPRINTCLASS = {cs.LG},
  EPRINTTYPE = {arXiv},
  TITLE = {On the Opportunities and Risks of Foundation Models},
}

@MISC{bowman2021fix,
  AUTHOR = {Bowman, Samuel R. and Dahl, George E.},
  DATE = {2021},
  EPRINT = {2104.02145},
  EPRINTCLASS = {cs.CL},
  EPRINTTYPE = {arXiv},
  TITLE = {What Will it Take to Fix Benchmarking in Natural Language Understanding?},
}

@ARTICLE{bradbury2016quasi,
  AUTHOR = {Bradbury, James and Merity, Stephen and Xiong, Caiming and Socher, Richard},
  DATE = {2016},
  JOURNALTITLE = {arXiv preprint arXiv:1611.01576},
  BOOKTITLE = {arXiv preprint arXiv:1611.01576},
  TITLE = {Quasi-recurrent neural networks},
}

@ARTICLE{branwen2020gpt,
  AUTHOR = {Branwen, Gwern},
  URL = {https://www.gwern.net/GPT-3},
  DATE = {2020},
  TITLE = {{GPT}-3 Creative Fiction},
}

@INPROCEEDINGS{broder1997resemblance,
  AUTHOR = {Broder, Andrei Z},
  ORGANIZATION = {IEEE},
  BOOKTITLE = {Proceedings. Compression and Complexity of SEQUENCES 1997 (Cat. No. 97TB100171)},
  DATE = {1997},
  PAGES = {21--29},
  TITLE = {On the resemblance and containment of documents},
}

@INPROCEEDINGS{brown2020language,
  AUTHOR = {Brown, Tom B and Mann, Benjamin and Ryder, Nick and Subbiah, Melanie and Kaplan, Jared and Dhariwal, Prafulla and Neelakantan, Arvind and Shyam, Pranav and Sastry, Girish and Askell, Amanda and others},
  BOOKTITLE = {Advances in Neural Information Processing Systems 33},
  DATE = {2020},
  TITLE = {Language Models are Few-shot Learners},
}

@ARTICLE{brown2020memorization,
  AUTHOR = {Brown, Gavin and Bun, Mark and Feldman, Vitaly and Smith, Adam and Talwar, Kunal},
  DATE = {2020},
  JOURNALTITLE = {arXiv preprint arXiv:2012.06421},
  BOOKTITLE = {arXiv preprint arXiv:2012.06421},
  TITLE = {When is Memorization of Irrelevant Training Data Necessary for High-Accuracy Learning?},
}

@MISC{brown2022does,
  AUTHOR = {Brown, Hannah and Lee, Katherine and Mireshghallah, Fatemehsadat and Shokri, Reza and Tramèr, Florian},
  DATE = {2022},
  EPRINT = {2202.05520},
  EPRINTCLASS = {stat.ML},
  EPRINTTYPE = {arXiv},
  TITLE = {What Does it Mean for a Language Model to Preserve Privacy?},
}

@INPROCEEDINGS{buschek2021impact,
  AUTHOR = {Buschek, Daniel and Zürn, Martin and Eiband, Malin},
  BOOKTITLE = {Proceedings of the 2021 CHI Conference on Human Factors in Computing Systems},
  DATE = {2021},
  PAGES = {1--13},
  TITLE = {The impact of multiple parallel phrase suggestions on email input and composition behaviour of native and non-native english writers},
}

@INPROCEEDINGS{carlini2019secret,
  AUTHOR = {Carlini, Nicholas and Liu, Chang and Erlingsson, Úlfar and Kos, Jernej and Song, Dawn},
  BOOKTITLE = {USENIX Security Symposium},
  DATE = {2019},
  TITLE = {The secret sharer: Evaluating and testing unintended memorization in neural networks},
}

@MISC{carlini2020extracting,
  AUTHOR = {Carlini, Nicholas and Tramer, Florian and Wallace, Eric and Jagielski, Matthew and Herbert-Voss, Ariel and Lee, Katherine and Roberts, Adam and Brown, Tom and Song, Dawn and Erlingsson, Ulfar and Oprea, Alina and Raffel, Colin},
  DATE = {2020},
  EPRINT = {2012.07805},
  EPRINTCLASS = {cs.CR},
  EPRINTTYPE = {arXiv},
  TITLE = {Extracting Training Data from Large Language Models},
}

@INPROCEEDINGS{du2022glam,
  AUTHOR = {Du, Nan and Huang, Yanping and Dai, Andrew M and Tong, Simon and Lepikhin, Dmitry and Xu, Yuanzhong and Krikun, Maxim and Zhou, Yanqi and Yu, Adams Wei and Firat, Orhan and others},
  ORGANIZATION = {PMLR},
  BOOKTITLE = {International Conference on Machine Learning},
  DATE = {2022},
  PAGES = {5547--5569},
  TITLE = {GLAM: Efficient scaling of language models with mixture-of-experts},
}

@ARTICLE{srivastava2022beyond,
  AUTHOR = {Srivastava, Aarohi and Rastogi, Abhinav and Rao, Abhishek and Shoeb, Abu Awal Md and Abid, Abubakar and Fisch, Adam and Brown, Adam R and Santoro, Adam and Gupta, Aditya and Garriga-Alonso, Adrià and others},
  DATE = {2022},
  JOURNALTITLE = {arXiv preprint arXiv:2206.04615},
  BOOKTITLE = {arXiv preprint arXiv:2206.04615},
  TITLE = {Beyond the Imitation Game: Quantifying and extrapolating the capabilities of language models},
}

@MISC{carlini2021membership,
  AUTHOR = {Carlini, Nicholas and Chien, Steve and Nasr, Milad and Song, Shuang and Terzis, Andreas and Tramer, Florian},
  DATE = {2021},
  EPRINT = {2112.03570},
  EPRINTCLASS = {cs.CR},
  EPRINTTYPE = {arXiv},
  TITLE = {Membership Inference Attacks From First Principles},
}

@INPROCEEDINGS{carlini2022quantifying,
  AUTHOR = {Carlini, Nicholas and Ippolito, Daphne and Jagielski, Matthew and Lee, Katherine and Tramer, Florian and Zhang, Chiyuan},
  DATE = {2023},
  BOOKTITLE = {International Conference on Learning Representations},
  TITLE = {Quantifying Memorization across Neural Language Models},
}

@ARTICLE{carlson2018evaluating,
  AUTHOR = {Carlson, Keith and Riddell, Allen and Rockmore, Daniel},
  PUBLISHER = {The Royal Society},
  DATE = {2018},
  JOURNALTITLE = {Royal Society open science},
  BOOKTITLE = {Royal Society open science},
  NUMBER = {10},
  PAGES = {171920},
  TITLE = {Evaluating prose style transfer with the Bible},
  VOLUME = {5},
}

@MISC{caswell2021quality,
  AUTHOR = {Caswell, Isaac and Kreutzer, Julia and Wang, Lisa and Wahab, Ahsan and van Esch, Daan and Ulzii-Orshikh, Nasanbayar and Tapo, Allahsera and Subramani, Nishant and Sokolov, Artem and Sikasote, Claytone and Setyawan, Monang and Sarin, Supheakmungkol and Samb, Sokhar and Sagot, Benoît and Rivera, Clara and Rios, Annette and Papadimitriou, Isabel and Osei, Salomey and Suárez, Pedro Javier Ortiz and Orife, Iroro and Ogueji, Kelechi and Niyongabo, Rubungo Andre and Nguyen, Toan Q. and Müller, Mathias and Müller, André and Muhammad, Shamsuddeen Hassan and Muhammad, Nanda and Mnyakeni, Ayanda and Mirzakhalov, Jamshidbek and Matangira, Tapiwanashe and Leong, Colin and Lawson, Nze and Kudugunta, Sneha and Jernite, Yacine and Jenny, Mathias and Firat, Orhan and Dossou, Bonaventure F. P. and Dlamini, Sakhile and de Silva, Nisansa and Ballı, Sakine Çabuk and Biderman, Stella and Battisti, Alessia and Baruwa, Ahmed and Bapna, Ankur and Baljekar, Pallavi and Azime, Israel Abebe and Awokoya, Ayodele and Ataman, Duygu and Ahia, Orevaoghene and Ahia, Oghenefego and Agrawal, Sweta and Adeyemi, Mofetoluwa},
  DATE = {2021},
  EPRINT = {2103.12028},
  EPRINTCLASS = {cs.CL},
  EPRINTTYPE = {arXiv},
  TITLE = {Quality at a Glance: An Audit of Web-Crawled Multilingual Datasets},
}

@ARTICLE{chelba2013one,
  AUTHOR = {Chelba, Ciprian and Mikolov, Tomas and Schuster, Mike and Ge, Qi and Brants, Thorsten and Koehn, Phillipp and Robinson, Tony},
  DATE = {2013},
  JOURNALTITLE = {arXiv preprint arXiv:1312.3005},
  BOOKTITLE = {arXiv preprint arXiv:1312.3005},
  TITLE = {One billion word benchmark for measuring progress in statistical language modeling},
}

@ARTICLE{chen2021evaluating,
  AUTHOR = {Chen, Mark and Tworek, Jerry and Jun, Heewoo and Yuan, Qiming and Pinto, Henrique Ponde de Oliveira and Kaplan, Jared and Edwards, Harri and Burda, Yuri and Joseph, Nicholas and Brockman, Greg and others},
  DATE = {2021},
  JOURNALTITLE = {arXiv preprint arXiv:2107.03374},
  BOOKTITLE = {arXiv preprint arXiv:2107.03374},
  TITLE = {Evaluating large language models trained on code},
}

@INPROCEEDINGS{cho2016noisy,
  AUTHOR = {Cho, Kyunghyun},
  DATE = {2016},
  JOURNALTITLE = {arXiv preprint arXiv:1605.03835},
  BOOKTITLE = {arXiv preprint arXiv:1605.03835},
  TITLE = {Noisy parallel approximate decoding for conditional recurrent language model},
}

@ARTICLE{chopra2016abstractive,
  AUTHOR = {Chopra, Sumit and Auli, Michael and Rush, Alexander M.},
  LOCATION = {San Diego, California},
  PUBLISHER = {Association for Computational Linguistics},
  URL = {https://www.aclweb.org/anthology/N16-1012},
  BOOKTITLE = {Proceedings of the 2016 Conference of the North {A}merican Chapter of the Association for Computational Linguistics: Human Language Technologies},
  DATE = {2016-06},
  DOI = {10.18653/v1/N16-1012},
  PAGES = {93--98},
  TITLE = {Abstractive Sentence Summarization with Attentive Recurrent Neural Networks},
}

@INPROCEEDINGS{choudhary2017domainan,
  AUTHOR = {Choudhary, Sajal and Srivastava, Prerna and Ungar, Lyle H. and Sedoc, João},
  DATE = {2017},
  JOURNALTITLE = {CoRR},
  BOOKTITLE = {CoRR},
  TITLE = {Domain Aware Neural Dialog System},
  VOLUME = {abs/1708.00897},
}

@INPROCEEDINGS{clark2021all,
  AUTHOR = {Clark, Elizabeth and August, Tal and Serrano, Sofia and Haduong, Nikita and Gururangan, Suchin and Smith, Noah A},
  BOOKTITLE = {Proceedings of the 59th Annual Meeting of the Association for Computational Linguistics and the 11th International Joint Conference on Natural Language Processing (Volume 1: Long Papers)},
  DATE = {2021},
  PAGES = {7282--7296},
  TITLE = {All That’s ‘Human’Is Not Gold: Evaluating Human Evaluation of Generated Text},
}

@INPROCEEDINGS{clark2018creative,
  AUTHOR = {Clark, Elizabeth and Ross, Anne Spencer and Tan, Chenhao and Ji, Yangfeng and Smith, Noah A.},
  LOCATION = {Tokyo, Japan},
  PUBLISHER = {ACM},
  URL = {http://doi.acm.org/10.1145/3172944.3172983},
  BOOKTITLE = {23rd International Conference on Intelligent User Interfaces},
  DATE = {2018},
  DOI = {10.1145/3172944.3172983},
  ISBN = {978-1-4503-4945-1},
  KEYWORDS = {creative writing,machine in the loop,natural language processing},
  PAGES = {329--340},
  SERIES = {IUI '18},
  TITLE = {Creative Writing with a Machine in the Loop: Case Studies on Slogans and Stories},
}

@INPROCEEDINGS{cocos2016clustering,
  AUTHOR = {Cocos, Anne and Callison-Burch, Chris},
  LOCATION = {San Diego, California},
  PUBLISHER = {Association for Computational Linguistics},
  URL = {https://www.aclweb.org/anthology/N16-1172},
  BOOKTITLE = {Proceedings of the 2016 Conference of the North {A}merican Chapter of the Association for Computational Linguistics: Human Language Technologies},
  DATE = {2016-06},
  DOI = {10.18653/v1/N16-1172},
  PAGES = {1463--1472},
  TITLE = {Clustering Paraphrases by Word Sense},
}

@ARTICLE{cohen1980preserved,
  AUTHOR = {Cohen, Neal J and Squire, Larry R},
  PUBLISHER = {American Association for the Advancement of Science},
  DATE = {1980},
  JOURNALTITLE = {Science},
  BOOKTITLE = {Science},
  NUMBER = {4466},
  PAGES = {207--210},
  TITLE = {Preserved learning and retention of pattern-analyzing skill in amnesia: Dissociation of knowing how and knowing that},
  VOLUME = {210},
}

@MISC{cohen2016min,
  AUTHOR = {Cohen, Edith},
  URL = {http://www.cohenwang.com/edith/Surveys/minhash.pdf},
  DATE = {2016},
  TITLE = {Min-Hash Sketches: A Brief Survey},
}

@ARTICLE{colinpaper,
  AUTHOR = {Nikhil Kandpal, Eric Wallace, Colin Raffel},
  DATE = {2021},
  JOURNALTITLE = {arXiv preprint},
  BOOKTITLE = {arXiv preprint},
  TITLE = {Deduplicating Training Data Mitigates Privacy Risks in Language Models},
}

@ARTICLE{collange2015numerical,
  AUTHOR = {Collange, Sylvain and Defour, David and Graillat, Stef and Iakymchuk, Roman},
  PUBLISHER = {Elsevier},
  DATE = {2015},
  JOURNALTITLE = {Parallel Computing},
  BOOKTITLE = {Parallel Computing},
  PAGES = {83--97},
  TITLE = {Numerical reproducibility for the parallel reduction on multi-and many-core architectures},
  VOLUME = {49},
}

@BOOK{cooke2018fake,
  AUTHOR = {Cooke, Nicole A},
  PUBLISHER = {American Library Association},
  DATE = {2018},
  TITLE = {Fake News and Alternative Facts: Information literacy in a Post-Truth Era},
}

@INPROCEEDINGS{dai-etal-2019-style,
  AUTHOR = {Dai, Ning and Liang, Jianze and Qiu, Xipeng and Huang, Xuanjing},
  LOCATION = {Florence, Italy},
  PUBLISHER = {Association for Computational Linguistics},
  URL = {https://www.aclweb.org/anthology/P19-1601},
  BOOKTITLE = {Proceedings of the 57th Annual Meeting of the Association for Computational Linguistics},
  DATE = {2019-07},
  DOI = {10.18653/v1/P19-1601},
  PAGES = {5997--6007},
  TITLE = {Style Transformer: Unpaired Text Style Transfer without Disentangled Latent Representation},
}

@inproceedings{dai2019style,
  title={Style Transformer: Unpaired Text Style Transfer without Disentangled Latent Representation},
  author={Dai, Ning and Liang, Jianze and Qiu, Xipeng and Huang, Xuan-Jing},
  booktitle={Proceedings of the 57th Annual Meeting of the Association for Computational Linguistics},
  pages={5997--6007},
  year={2019}
}

@inproceedings{dai2019transformer,
  title={Transformer-XL: Attentive Language Models beyond a Fixed-Length Context},
  author={Dai, Zihang and Yang, Zhilin and Yang, Yiming and Carbonell, Jaime G and Le, Quoc and Salakhutdinov, Ruslan},
  booktitle={Proceedings of the 57th Annual Meeting of the Association for Computational Linguistics},
  pages={2978--2988},
  year={2019}
}

@INPROCEEDINGS{danescu2011chameleons,
  AUTHOR = {Danescu-Niculescu-Mizil, Cristian and Lee, Lillian},
  LOCATION = {Portland, Oregon, USA},
  PUBLISHER = {Association for Computational Linguistics},
  URL = {https://www.aclweb.org/anthology/W11-0609},
  BOOKTITLE = {Proceedings of the 2nd Workshop on Cognitive Modeling and Computational Linguistics},
  DATE = {2011-06},
  PAGES = {76--87},
  TITLE = {Chameleons in Imagined Conversations: A New Approach to Understanding Coordination of Linguistic Style in Dialogs},
}

@inproceedings{dathathri2019plug,
title={Plug and Play Language Models: A Simple Approach to Controlled Text Generation},
author={Sumanth Dathathri and Andrea Madotto and Janice Lan and Jane Hung and Eric Frank and Piero Molino and Jason Yosinski and Rosanne Liu},
booktitle={International Conference on Learning Representations},
year={2020},
url={https://openreview.net/forum?id=H1edEyBKDS}
}

@INPROCEEDINGS{dauphin2017language,
  AUTHOR = {Dauphin, Yann N and Fan, Angela and Auli, Michael and Grangier, David},
  ORGANIZATION = {JMLR. org},
  BOOKTITLE = {Proceedings of the 34th International Conference on Machine Learning-Volume 70},
  DATE = {2017},
  PAGES = {933--941},
  TITLE = {Language modeling with gated convolutional networks},
}

@ARTICLE{DBLP:journals/corr/SeeLM17,
  AUTHOR = {See, Abigail and Liu, Peter J. and Manning, Christopher D.},
  URL = {http://arxiv.org/abs/1704.04368},
  DATE = {2017},
  EPRINT = {1704.04368},
  EPRINTTYPE = {arXiv},
  JOURNALTITLE = {CoRR},
  BOOKTITLE = {CoRR},
  TITLE = {Get To The Point: Summarization with Pointer-Generator Networks},
  VOLUME = {abs/1704.04368},
}

@INPROCEEDINGS{dblp:conf/ijcai/luolzycss19,
  AUTHOR = {Luo, Fuli and Li, Peng and Zhou, Jie and Yang, Pengcheng and Chang, Baobao and Sun, Xu and Sui, Zhifang},
  EDITOR = {Kraus, Sarit},
  PUBLISHER = {ijcai.org},
  URL = {https://doi.org/10.24963/ijcai.2019/711},
  BOOKTITLE = {Proceedings of the Twenty-Eighth International Joint Conference on Artificial Intelligence, {IJCAI} 2019, Macao, China, August 10-16, 2019},
  DATE = {2019},
  DOI = {10.24963/ijcai.2019/711},
  PAGES = {5116--5122},
  TITLE = {A Dual Reinforcement Learning Framework for Unsupervised Text Style Transfer},
}

@ARTICLE{dblp:journals/corr/abs-1808-06226,
  AUTHOR = {Kudo, Taku and Richardson, John},
  URL = {http://arxiv.org/abs/1808.06226},
  DATE = {2018},
  EPRINT = {1808.06226},
  EPRINTTYPE = {arXiv},
  JOURNALTITLE = {CoRR},
  BOOKTITLE = {CoRR},
  TITLE = {SentencePiece: {A} simple and language independent subword tokenizer and detokenizer for Neural Text Processing},
  VOLUME = {abs/1808.06226},
}

@ARTICLE{dblp:journals/corr/abs-1904-02295,
  AUTHOR = {Mir, Remi and Felbo, Bjarke and Obradovich, Nick and Rahwan, Iyad},
  URL = {http://arxiv.org/abs/1904.02295},
  DATE = {2019},
  EPRINT = {1904.02295},
  EPRINTTYPE = {arXiv},
  JOURNALTITLE = {CoRR},
  BOOKTITLE = {CoRR},
  TITLE = {Evaluating Style Transfer for Text},
  VOLUME = {abs/1904.02295},
}

@ARTICLE{dblp:journals/corr/abs-1905-11975,
  AUTHOR = {Xu, Peng and Cao, Yanshuai and Cheung, Jackie Chi Kit},
  URL = {http://arxiv.org/abs/1905.11975},
  DATE = {2020},
  EPRINT = {1905.11975},
  EPRINTTYPE = {arXiv},
  JOURNALTITLE = {Proceedings of the International Conference on Machine Learning (ICML)},
  BOOKTITLE = {Proceedings of the International Conference on Machine Learning (ICML)},
  TITLE = {On Variational Learning of Controllable Representations for Text without Supervision},
  VOLUME = {abs/1905.11975},
}

@ARTICLE{dblp:journals/corr/abs-2005-14165,
  AUTHOR = {Brown, Tom B. and Mann, Benjamin and Ryder, Nick and Subbiah, Melanie and Kaplan, Jared and Dhariwal, Prafulla and Neelakantan, Arvind and Shyam, Pranav and Sastry, Girish and Askell, Amanda and Agarwal, Sandhini and Herbert{-}Voss, Ariel and Krueger, Gretchen and Henighan, Tom and Child, Rewon and Ramesh, Aditya and Ziegler, Daniel M. and Wu, Jeffrey and Winter, Clemens and Hesse, Christopher and Chen, Mark and Sigler, Eric and Litwin, Mateusz and Gray, Scott and Chess, Benjamin and Clark, Jack and Berner, Christopher and McCandlish, Sam and Radford, Alec and Sutskever, Ilya and Amodei, Dario},
  URL = {https://arxiv.org/abs/2005.14165},
  DATE = {2020},
  EPRINT = {2005.14165},
  EPRINTTYPE = {arXiv},
  JOURNALTITLE = {CoRR},
  BOOKTITLE = {CoRR},
  TITLE = {Language Models are Few-Shot Learners},
  VOLUME = {abs/2005.14165},
}

@ARTICLE{dblp:journals/corr/abs-2010-03802,
  AUTHOR = {Riley, Parker and Constant, Noah and Guo, Mandy and Kumar, Girish and Uthus, David C. and Parekh, Zarana},
  URL = {https://arxiv.org/abs/2010.03802},
  DATE = {2021},
  EPRINT = {2010.03802},
  EPRINTTYPE = {arXiv},
  JOURNALTITLE = {Proceedings of the Annual Meeting of the Association of Computational Linguistics (ACL)},
  BOOKTITLE = {Proceedings of the Annual Meeting of the Association of Computational Linguistics (ACL)},
  TITLE = {TextSETTR: Label-Free Text Style Extraction and Tunable Targeted Restyling},
}

@ARTICLE{dblp:journals/corr/abs-2010-12742,
  AUTHOR = {Hu, Zhiqiang and Lee, Roy Ka{-}Wei and Aggarwal, Charu C.},
  URL = {https://arxiv.org/abs/2010.12742},
  DATE = {2020},
  EPRINT = {2010.12742},
  EPRINTTYPE = {arXiv},
  JOURNALTITLE = {CoRR},
  BOOKTITLE = {CoRR},
  TITLE = {Text Style Transfer: {A} Review and Experiment Evaluation},
  VOLUME = {abs/2010.12742},
}

@ARTICLE{dblp:journals/corr/abs-2011-00416,
  AUTHOR = {Jin, Di and Jin, Zhijing and Hu, Zhiting and Vechtomova, Olga and Mihalcea, Rada},
  URL = {https://arxiv.org/abs/2011.00416},
  DATE = {2020},
  EPRINT = {2011.00416},
  EPRINTTYPE = {arXiv},
  JOURNALTITLE = {CoRR},
  BOOKTITLE = {CoRR},
  TITLE = {Deep Learning for Text Style Transfer: {A} Survey},
  VOLUME = {abs/2011.00416},
}

@ARTICLE{dblp:journals/corr/abs-2102-07350,
  AUTHOR = {Reynolds, Laria and McDonell, Kyle},
  URL = {https://arxiv.org/abs/2102.07350},
  DATE = {2021},
  EPRINT = {2102.07350},
  EPRINTTYPE = {arXiv},
  JOURNALTITLE = {CoRR},
  BOOKTITLE = {CoRR},
  TITLE = {Prompt Programming for Large Language Models: Beyond the Few-Shot Paradigm},
  VOLUME = {abs/2102.07350},
}

@ARTICLE{dblp:journals/corr/chelbamsgbk13,
  AUTHOR = {Chelba, Ciprian and Mikolov, Tomas and Schuster, Mike and Ge, Qi and Brants, Thorsten and Koehn, Phillipp},
  URL = {http://arxiv.org/abs/1312.3005},
  DATE = {2013},
  EPRINT = {1312.3005},
  EPRINTTYPE = {arXiv},
  JOURNALTITLE = {CoRR},
  BOOKTITLE = {CoRR},
  TITLE = {One Billion Word Benchmark for Measuring Progress in Statistical Language Modeling},
  VOLUME = {abs/1312.3005},
}

@ARTICLE{dblp:journals/corr/vaswanispujgkp17,
  AUTHOR = {Vaswani, Ashish and Shazeer, Noam and Parmar, Niki and Uszkoreit, Jakob and Jones, Llion and Gomez, Aidan N. and Kaiser, Lukasz and Polosukhin, Illia},
  URL = {http://arxiv.org/abs/1706.03762},
  DATE = {2017},
  EPRINT = {1706.03762},
  EPRINTTYPE = {arXiv},
  JOURNALTITLE = {CoRR},
  BOOKTITLE = {CoRR},
  TITLE = {Attention Is All You Need},
  VOLUME = {abs/1706.03762},
}

@INPROCEEDINGS{demszky-2020-goemotions,
  AUTHOR = {Demszky, Dorottya and Movshovitz-Attias, Dana and Ko, Jeongwoo and Cowen, Alan and Nemade, Gaurav and Ravi, Sujith},
  LOCATION = {Online},
  PUBLISHER = {Association for Computational Linguistics},
  URL = {https://www.aclweb.org/anthology/2020.acl-main.372},
  BOOKTITLE = {Proceedings of the 58th Annual Meeting of the Association for Computational Linguistics},
  DATE = {2020-07},
  PAGES = {4040--4054},
  TITLE = {{G}o{E}motions: A Dataset of Fine-Grained Emotions},
}

@INPROCEEDINGS{denkowski2014meteor,
  AUTHOR = {Denkowski, Michael and Lavie, Alon},
  LOCATION = {Baltimore, Maryland, USA},
  PUBLISHER = {Association for Computational Linguistics},
  URL = {https://www.aclweb.org/anthology/W14-3348},
  BOOKTITLE = {Proceedings of the Ninth Workshop on Statistical Machine Translation},
  DATE = {2014-06},
  DOI = {10.3115/v1/W14-3348},
  PAGES = {376--380},
  TITLE = {Meteor Universal: Language Specific Translation Evaluation for Any Target Language},
}

@INPROCEEDINGS{deriu2020spot,
  AUTHOR = {Deriu, Jan Milan and Tuggener, Don and von Däniken, Pius and Campos, Jon Ander and Rodrigo, Álvaro and Belkacem, Thiziri and Soroa, Aitor and Agirre, Eneko and Cieliebak, Mark},
  BOOKTITLE = {Proceedings of the 2020 Conference on Empirical Methods in Natural Language Processing (EMNLP)},
  DATE = {2020},
  PAGES = {3971--3984},
  TITLE = {Spot The Bot: A Robust and Efficient Framework for the Evaluation of Conversational Dialogue Systems},
}

@INPROCEEDINGS{devlin2018bert,
  AUTHOR = {Devlin, Jacob and Chang, Ming-Wei and Lee, Kenton and Toutanova, Kristina},
  LOCATION = {Minneapolis, Minnesota},
  PUBLISHER = {Association for Computational Linguistics},
  URL = {https://aclanthology.org/N19-1423},
  BOOKTITLE = {Proceedings of the 2019 Conference of the North {A}merican Chapter of the Association for Computational Linguistics: Human Language Technologies, Volume 1 (Long and Short Papers)},
  DATE = {2019-06},
  DOI = {10.18653/v1/N19-1423},
  PAGES = {4171--4186},
  TITLE = {{BERT}: Pre-training of Deep Bidirectional Transformers for Language Understanding},
}

@ARTICLE{dodge2021-lb,
  AUTHOR = {Dodge, Jesse and Sap, Maarten and Marasovic, Ana and Agnew, William and Ilharco, Gabriel and Groeneveld, Dirk and Gardner, Matt},
  DATE = {2021-04},
  EPRINT = {2104.08758},
  EPRINTCLASS = {cs.CL},
  EPRINTTYPE = {arXiv},
  JOURNALTITLE = {arXiv preprint arXiv:2104.08758},
  BOOKTITLE = {arXiv preprint arXiv:2104.08758},
  TITLE = {Documenting the English Colossal Clean Crawled Corpus},
}

@MISC{dodge2021documenting,
  AUTHOR = {Dodge, Jesse and Sap, Maarten and Marasovic, Ana and Agnew, William and Ilharco, Gabriel and Groeneveld, Dirk and Gardner, Matt},
  DATE = {2021},
  EPRINT = {2104.08758},
  EPRINTCLASS = {cs.CL},
  EPRINTTYPE = {arXiv},
  TITLE = {Documenting the English Colossal Clean Crawled Corpus},
}

@INPROCEEDINGS{donahue2020enabling,
  AUTHOR = {Donahue, Chris and Lee, Mina and Liang, Percy},
  BOOKTITLE = {Proceedings of the 58th Annual Meeting of the Association for Computational Linguistics},
  DATE = {2020},
  PAGES = {2492--2501},
  TITLE = {Enabling Language Models to Fill in the Blanks},
}

@INPROCEEDINGS{dos2014deep,
  AUTHOR = {Dos Santos, Cicero and Gatti, Maira},
  BOOKTITLE = {Proceedings of COLING 2014, the 25th International Conference on Computational Linguistics: Technical Papers},
  DATE = {2014},
  PAGES = {69--78},
  TITLE = {Deep convolutional neural networks for sentiment analysis of short texts},
}

@ARTICLE{dou2021scarecrow,
  AUTHOR = {Dou, Yao and Forbes, Maxwell and Koncel-Kedziorski, Rik and Smith, Noah A and Choi, Yejin},
  DATE = {2021},
  JOURNALTITLE = {arXiv preprint arXiv:2107.01294},
  BOOKTITLE = {arXiv preprint arXiv:2107.01294},
  TITLE = {Scarecrow: A Framework for Scrutinizing Machine Text},
}

@INPROCEEDINGS{dugan2020roft,
  AUTHOR = {Dugan, Liam and Ippolito, Daphne and Kirubarajan, Arun and Callison-Burch, Chris},
  BOOKTITLE = {Proceedings of the 2020 Conference on Empirical Methods in Natural Language Processing: System Demonstrations},
  DATE = {2020},
  PAGES = {189--196},
  TITLE = {RoFT: A Tool for Evaluating Human Detection of Machine-Generated Text},
}

@INPROCEEDINGS{dwork2006calibrating,
  AUTHOR = {Dwork, Cynthia and McSherry, Frank and Nissim, Kobbi and Smith, Adam},
  ORGANIZATION = {Springer},
  BOOKTITLE = {Theory of cryptography conference},
  DATE = {2006},
  PAGES = {265--284},
  TITLE = {Calibrating noise to sensitivity in private data analysis},
}

@ARTICLE{dwork2014algorithmic,
  AUTHOR = {Dwork, Cynthia and Roth, Aaron and others},
  DATE = {2014},
  JOURNALTITLE = {Found. Trends Theor. Comput. Sci.},
  BOOKTITLE = {Found. Trends Theor. Comput. Sci.},
  NUMBER = {3-4},
  PAGES = {211--407},
  TITLE = {The algorithmic foundations of differential privacy.},
  VOLUME = {9},
}

@INPROCEEDINGS{elliott2013image,
  AUTHOR = {Elliott, Desmond and Keller, Frank},
  LOCATION = {Seattle, Washington, USA},
  PUBLISHER = {Association for Computational Linguistics},
  URL = {https://www.aclweb.org/anthology/D13-1128},
  BOOKTITLE = {Proceedings of the 2013 Conference on Empirical Methods in Natural Language Processing},
  DATE = {2013-10},
  PAGES = {1292--1302},
  TITLE = {Image Description using Visual Dependency Representations},
}

@INPROCEEDINGS{fan2018hierarchical,
  AUTHOR = {Fan, Angela and Lewis, Mike and Dauphin, Yann},
  LOCATION = {Melbourne, Australia},
  PUBLISHER = {Association for Computational Linguistics},
  URL = {https://www.aclweb.org/anthology/P18-1082},
  BOOKTITLE = {Proceedings of the 56th Annual Meeting of the Association for Computational Linguistics (Volume 1: Long Papers)},
  DATE = {2018-07},
  PAGES = {889--898},
  TITLE = {Hierarchical Neural Story Generation},
}

@MISC{fedus2021switch,
  AUTHOR = {Fedus, William and Zoph, Barret and Shazeer, Noam},
  DATE = {2021},
  EPRINT = {2101.03961},
  EPRINTCLASS = {cs.LG},
  EPRINTTYPE = {arXiv},
  TITLE = {Switch Transformers: Scaling to Trillion Parameter Models with Simple and Efficient Sparsity},
}

@INPROCEEDINGS{feldman2020does,
  AUTHOR = {Feldman, Vitaly},
  BOOKTITLE = {STOC},
  DATE = {2020},
  TITLE = {Does learning require memorization? {A} short tale about a long tail},
}

@INPROCEEDINGS{feldman2020neural,
  AUTHOR = {Feldman, Vitaly and Zhang, Chiyuan},
  BOOKTITLE = {Advances in Neural Information Processing Systems},
  DATE = {2020},
  TITLE = {What neural networks memorize and why: Discovering the long tail via influence estimation},
}

@ARTICLE{fitb_fite,
  AUTHOR = {Ippolito, Daphne and Dugan, Liam and Reif, Emily and Yuan, Ann and Coenen, Andy and Callison-Burch, Chris},
  URL = {https://arxiv.org/abs/2206.04812},
  DATE = {2022},
  DOI = {10.48550/ARXIV.2206.04812},
  TITLE = {The Case for a Single Model that can Both Generate Continuations and Fill in the Blank},
}

@INPROCEEDINGS{fitzgerald2013learning,
  AUTHOR = {FitzGerald, Nicholas and Artzi, Yoav and Zettlemoyer, Luke},
  BOOKTITLE = {Proceedings of the 2013 conference on empirical methods in natural language processing},
  DATE = {2013},
  PAGES = {1914--1925},
  TITLE = {Learning distributions over logical forms for referring expression generation},
}

@INPROCEEDINGS{fredrikson2015model,
  AUTHOR = {Fredrikson, Matt and Jha, Somesh and Ristenpart, Thomas},
  BOOKTITLE = {Proceedings of the 22nd ACM SIGSAC conference on computer and communications security},
  DATE = {2015},
  PAGES = {1322--1333},
  TITLE = {Model inversion attacks that exploit confidence information and basic countermeasures},
}

@ARTICLE{gabriel201863,
  AUTHOR = {Gabriel, Rodney A. and Kuo, Tsung-Ting and McAuley, Julian and Hsu, Chun-Nan},
  URL = {https://www.sciencedirect.com/science/article/pii/S153204641830073X},
  DATE = {2018},
  DOI = {https://doi.org/10.1016/j.jbi.2018.04.009},
  ISSN = {1532-0464},
  JOURNALTITLE = {Journal of Biomedical Informatics},
  BOOKTITLE = {Journal of Biomedical Informatics},
  KEYWORDS = {Electronic medical record,De-deduplication,Natural language processing},
  PAGES = {63--69},
  TITLE = {Identifying and characterizing highly similar notes in big clinical note datasets},
  VOLUME = {82},
}

@INPROCEEDINGS{ganju2018property,
  AUTHOR = {Ganju, Karan and Wang, Qi and Yang, Wei and Gunter, Carl A and Borisov, Nikita},
  BOOKTITLE = {Proceedings of the 2018 ACM SIGSAC conference on computer and communications security},
  DATE = {2018},
  PAGES = {619--633},
  TITLE = {Property inference attacks on fully connected neural networks using permutation invariant representations},
}

@MISC{gao2020making,
  AUTHOR = {Gao, Tianyu and Fisch, Adam and Chen, Danqi},
  DATE = {2020},
  EPRINT = {2012.15723},
  EPRINTCLASS = {cs.CL},
  EPRINTTYPE = {arXiv},
  TITLE = {Making Pre-trained Language Models Better Few-shot Learners},
}

@ARTICLE{gao2020pile,
  AUTHOR = {Gao, Leo and Biderman, Stella and Black, Sid and Golding, Laurence and Hoppe, Travis and Foster, Charles and Phang, Jason and He, Horace and Thite, Anish and Nabeshima, Noa and others},
  DATE = {2020},
  JOURNALTITLE = {arXiv preprint arXiv:2101.00027},
  BOOKTITLE = {arXiv preprint arXiv:2101.00027},
  TITLE = {The Pile: An 800GB Dataset of Diverse Text for Language Modeling},
}

@MISC{gebru2020datasheets,
  AUTHOR = {Gebru, Timnit and Morgenstern, Jamie and Vecchione, Briana and Vaughan, Jennifer Wortman and Wallach, Hanna and au2, Hal Daumé III and Crawford, Kate},
  DATE = {2020},
  EPRINT = {1803.09010},
  EPRINTCLASS = {cs.DB},
  EPRINTTYPE = {arXiv},
  TITLE = {Datasheets for Datasets},
}

@INPROCEEDINGS{gehring2017convolutional,
  AUTHOR = {Gehring, Jonas and Auli, Michael and Grangier, David and Yarats, Denis and Dauphin, Yann N},
  ORGANIZATION = {JMLR. org},
  BOOKTITLE = {Proceedings of the 34th International Conference on Machine Learning-Volume 70},
  DATE = {2017},
  PAGES = {1243--1252},
  TITLE = {Convolutional sequence to sequence learning},
}

@INPROCEEDINGS{gehrmann2019gltr,
  AUTHOR = {Gehrmann, Sebastian and Strobelt, Hendrik and Rush, Alexander M},
  BOOKTITLE = {Proceedings of the 57th Annual Meeting of the Association for Computational Linguistics: System Demonstrations},
  DATE = {2019},
  PAGES = {111--116},
  TITLE = {GLTR: Statistical Detection and Visualization of Generated Text},
}

@INPROCEEDINGS{gers2000recurrent,
  AUTHOR = {Gers, Felix A and Schmidhuber, Jürgen},
  ORGANIZATION = {IEEE},
  BOOKTITLE = {Proceedings of the IEEE-INNS-ENNS International Joint Conference on Neural Networks. IJCNN 2000. Neural Computing: New Challenges and Perspectives for the New Millennium},
  DATE = {2000},
  PAGES = {189--194},
  TITLE = {Recurrent nets that time and count},
  VOLUME = {3},
}

@INPROCEEDINGS{gimpel2013systematic,
  AUTHOR = {Gimpel, Kevin and Batra, Dhruv and Dyer, Chris and Shakhnarovich, Gregory},
  URL = {https://ttic.uchicago.edu/~gregory/papers/emnlp2013diversity.pdf},
  BOOKTITLE = {Proceedings of the 2013 Conference on Empirical Methods in Natural Language Processing},
  DATE = {2013},
  PAGES = {1100--1111},
  TITLE = {A systematic exploration of diversity in machine translation},
}

@INPROCEEDINGS{girshick2015fast,
  AUTHOR = {Girshick, Ross},
  BOOKTITLE = {Proceedings of the IEEE international conference on computer vision},
  DATE = {2015},
  PAGES = {1440--1448},
  TITLE = {Fast r-cnn},
}

@inproceedings{goldfarb2020content,
  title={Content Planning for Neural Story Generation with Aristotelian Rescoring},
  author={Goldfarb-Tarrant, Seraphina and Chakrabarty, Tuhin and Weischedel, Ralph and Peng, Nanyun},
  booktitle={Proceedings of the 2020 Conference on Empirical Methods in Natural Language Processing (EMNLP)},
  pages={4319--4338},
  year={2020}
}

@INPROCEEDINGS{golowich2018size,
  AUTHOR = {Golowich, Noah and Rakhlin, Alexander and Shamir, Ohad},
  ORGANIZATION = {PMLR},
  BOOKTITLE = {Conference On Learning Theory},
  DATE = {2018},
  PAGES = {297--299},
  TITLE = {Size-independent sample complexity of neural networks},
}

@ARTICLE{goodfellow2014generative,
  AUTHOR = {Goodfellow, Ian and Pouget-Abadie, Jean and Mirza, Mehdi and Xu, Bing and Warde-Farley, David and Ozair, Sherjil and Courville, Aaron and Bengio, Yoshua},
  DATE = {2014},
  JOURNALTITLE = {Advances in neural information processing systems},
  BOOKTITLE = {Advances in neural information processing systems},
  TITLE = {Generative adversarial nets},
  VOLUME = {27},
}

@BOOK{goodfellow2016deep,
  AUTHOR = {Goodfellow, Ian and Bengio, Yoshua and Courville, Aaron and Bengio, Yoshua},
  PUBLISHER = {MIT Press},
  DATE = {2016},
  TITLE = {Deep learning},
  VOLUME = {1},
}

@MISC{gpt-j,
  AUTHOR = {Wang, Ben and Komatsuzaki, Aran},
  DATE = {2021-05},
  HOWPUBLISHED = {\url{https://github.com/kingoflolz/mesh-transformer-jax}},
  TITLE = {{GPT-J-6B: A 6 Billion Parameter Autoregressive Language Model}},
}

@SOFTWARE{gpt-neo,
  AUTHOR = {Black, Sid and Gao, Leo and Wang, Phil and Leahy, Connor and Biderman, Stella},
  PUBLISHER = {Zenodo},
  URL = {https://doi.org/10.5281/zenodo.5297715},
  DATE = {2021-03},
  DOI = {10.5281/zenodo.5297715},
  NOTE = {{If you use this software, please cite it using these metadata.}},
  TITLE = {{GPT-Neo: Large Scale Autoregressive Language Modeling with Mesh-Tensorflow}},
  VERSION = {1.0},
}

@MISC{gpt3,
  AUTHOR = {Brown, Tom B. and Mann, Benjamin and Ryder, Nick and Subbiah, Melanie and Kaplan, Jared and Dhariwal, Prafulla and Neelakantan, Arvind and Shyam, Pranav and Sastry, Girish and Askell, Amanda and Agarwal, Sandhini and Herbert-Voss, Ariel and Krueger, Gretchen and Henighan, Tom and Child, Rewon and Ramesh, Aditya and Ziegler, Daniel M. and Wu, Jeffrey and Winter, Clemens and Hesse, Christopher and Chen, Mark and Sigler, Eric and Litwin, Mateusz and Gray, Scott and Chess, Benjamin and Clark, Jack and Berner, Christopher and McCandlish, Sam and Radford, Alec and Sutskever, Ilya and Amodei, Dario},
  DATE = {2020},
  EPRINT = {2005.14165},
  EPRINTCLASS = {cs.CL},
  EPRINTTYPE = {arXiv},
  TITLE = {Language Models are Few-Shot Learners},
}

@ARTICLE{graff2003english,
  AUTHOR = {Graff, David and Kong, Junbo and Chen, Ke and Maeda, Kazuaki},
  DATE = {2003},
  JOURNALTITLE = {Linguistic Data Consortium, Philadelphia},
  BOOKTITLE = {Linguistic Data Consortium, Philadelphia},
  NUMBER = {1},
  PAGES = {34},
  TITLE = {English gigaword},
  VOLUME = {4},
}

@inproceedings{grave2016improving,
title={Improving Neural Language Models with a Continuous Cache},
author={Edouard Grave and Armand Joulin and Nicolas Usunier},
booktitle={International Conference on Learning Representations},
year={2017},
url={https://openreview.net/forum?id=B184E5qee}
}

@ARTICLE{graves2013generating,
  AUTHOR = {Graves, Alex},
  DATE = {2013},
  JOURNALTITLE = {arXiv preprint arXiv:1308.0850},
  BOOKTITLE = {arXiv preprint arXiv:1308.0850},
  TITLE = {Generating Sequences with Recurrent Neural Networks},
}

@INPROCEEDINGS{gu2017trainable,
  AUTHOR = {Gu, Jiatao and Cho, Kyunghyun and Li, Victor O.K.},
  LOCATION = {Copenhagen, Denmark},
  PUBLISHER = {Association for Computational Linguistics},
  URL = {https://www.aclweb.org/anthology/D17-1210},
  BOOKTITLE = {Proceedings of the 2017 Conference on Empirical Methods in Natural Language Processing},
  DATE = {2017-09},
  DOI = {10.18653/v1/D17-1210},
  PAGES = {1968--1978},
  TITLE = {Trainable Greedy Decoding for Neural Machine Translation},
}

@INPROCEEDINGS{guo2020wiki40b,
  AUTHOR = {Guo, Mandy and Dai, Zihang and Vrandecic, Denny and Al-Rfou, Rami},
  URL = {http://www.lrec-conf.org/proceedings/lrec2020/pdf/2020.lrec-1.296.pdf},
  BOOKTITLE = {LREC 2020},
  DATE = {2020},
  TITLE = {Wiki-40B: Multilingual Language Model Dataset},
}

@INPROCEEDINGS{gyawali2020deduplication,
  AUTHOR = {Gyawali, Bikash and Anastasiou, Lucas and Knoth, Petr},
  BOOKTITLE = {Proceedings of the 12th Language Resources and Evaluation Conference},
  DATE = {2020},
  PAGES = {901--910},
  TITLE = {Deduplication of Scholarly Documents using Locality Sensitive Hashing and Word Embeddings},
}

@ARTICLE{hampel1974influence,
  AUTHOR = {Hampel, Frank R},
  PUBLISHER = {Taylor \& Francis},
  DATE = {1974},
  JOURNALTITLE = {Journal of the american statistical association},
  BOOKTITLE = {Journal of the american statistical association},
  NUMBER = {346},
  PAGES = {383--393},
  TITLE = {The influence curve and its role in robust estimation},
  VOLUME = {69},
}

@INPROCEEDINGS{he2021tgea,
  AUTHOR = {He, Jie and Peng, Bo and Liao, Yi and Liu, Qun and Xiong, Deyi},
  BOOKTITLE = {Proceedings of the 59th Annual Meeting of the Association for Computational Linguistics and the 11th International Joint Conference on Natural Language Processing (Volume 1: Long Papers)},
  DATE = {2021},
  PAGES = {6012--6025},
  TITLE = {TGEA: An Error-Annotated Dataset and Benchmark Tasks for TextGeneration from Pretrained Language Models},
}

@MISC{henderson2017ethical,
  AUTHOR = {Henderson, Peter and Sinha, Koustuv and Angelard-Gontier, Nicolas and Ke, Nan Rosemary and Fried, Genevieve and Lowe, Ryan and Pineau, Joelle},
  DATE = {2017},
  EPRINT = {1711.09050},
  EPRINTCLASS = {cs.CL},
  EPRINTTYPE = {arXiv},
  TITLE = {Ethical Challenges in Data-Driven Dialogue Systems},
}

@ARTICLE{hinton06,
  AUTHOR = {Hinton, Geoffrey E. and Osindero, Simon and Teh, Yee Whye},
  DATE = {2006},
  JOURNALTITLE = {Neural Computation},
  BOOKTITLE = {Neural Computation},
  PAGES = {1527--1554},
  TITLE = {A Fast Learning Algorithm for Deep Belief Nets},
  VOLUME = {18},
}

@ARTICLE{hochreiter1997long,
  AUTHOR = {Hochreiter, Sepp and Schmidhuber, Jürgen},
  PUBLISHER = {MIT Press},
  DATE = {1997},
  JOURNALTITLE = {Neural computation},
  BOOKTITLE = {Neural computation},
  NUMBER = {8},
  PAGES = {1735--1780},
  TITLE = {Long Short-Term Memory},
  VOLUME = {9},
}

@ARTICLE{holtzman2019curious,
  AUTHOR = {Holtzman, Ari and Buys, Jan and Forbes, Maxwell and Choi, Yejin},
  DATE = {2019},
  JOURNALTITLE = {CoRR},
  BOOKTITLE = {CoRR},
  TITLE = {The Curious Case of Neural Text Degeneration},
  VOLUME = {abs/1904.09751},
}

@INPROCEEDINGS{hu2019parabank,
  title={Parabank: Monolingual bitext generation and sentential paraphrasing via lexically-constrained neural machine translation},
  author={Hu, J Edward and Rudinger, Rachel and Post, Matt and Van Durme, Benjamin},
  booktitle={Proceedings of the AAAI Conference on Artificial Intelligence},
  volume={33},
  number={01},
  pages={6521--6528},
  year={2019}
}

@inproceedings{huang2018music,
title={Music Transformer},
author={Cheng-Zhi Anna Huang and Ashish Vaswani and Jakob Uszkoreit and Ian Simon and Curtis Hawthorne and Noam Shazeer and Andrew M. Dai and Matthew D. Hoffman and Monica Dinculescu and Douglas Eck},
booktitle={International Conference on Learning Representations},
year={2019},
url={https://openreview.net/forum?id=rJe4ShAcF7},
}

@INPROCEEDINGS{huang2020inset,
  AUTHOR = {Huang, Yichen and Zhang, Yizhe and Elachqar, Oussama and Cheng, Yu},
  BOOKTITLE = {Proceedings of the 58th Annual Meeting of the Association for Computational Linguistics},
  DATE = {2020},
  PAGES = {2502--2515},
  TITLE = {INSET: Sentence Infilling with INter-SEntential Transformer},
}

@INPROCEEDINGS{hung2007new,
  AUTHOR = {Chim, Hung and Deng, Xiaotie},
  LOCATION = {Banff, Alberta, Canada},
  PUBLISHER = {Association for Computing Machinery},
  URL = {https://doi.org/10.1145/1242572.1242590},
  BOOKTITLE = {Proceedings of the 16th International Conference on World Wide Web},
  DATE = {2007},
  DOI = {10.1145/1242572.1242590},
  ISBN = {9781595936547},
  KEYWORDS = {similarity measure,document model,suffix tree},
  PAGES = {121--130},
  SERIES = {WWW '07},
  TITLE = {A New Suffix Tree Similarity Measure for Document Clustering},
}

@INPROCEEDINGS{howard2018universal,
  AUTHOR = {Howard, Jeremy and Ruder, Sebastian},
  BOOKTITLE = {Proceedings of the 56th Annual Meeting of the Association for Computational Linguistics (Volume 1: Long Papers)},
  DATE = {2018},
  PAGES = {328--339},
  TITLE = {Universal Language Model Fine-tuning for Text Classification},
}

@INPROCEEDINGS{ijcai2019-711,
  AUTHOR = {Luo, Fuli and Li, Peng and Zhou, Jie and Yang, Pengcheng and Chang, Baobao and Sun, Xu and Sui, Zhifang},
  PUBLISHER = {International Joint Conferences on Artificial Intelligence Organization},
  URL = {https://doi.org/10.24963/ijcai.2019/711},
  BOOKTITLE = {Proceedings of the Twenty-Eighth International Joint Conference on Artificial Intelligence, {IJCAI-19}},
  DATE = {2019-07},
  DOI = {10.24963/ijcai.2019/711},
  PAGES = {5116--5122},
  TITLE = {A Dual Reinforcement Learning Framework for Unsupervised Text Style Transfer},
}

@INPROCEEDINGS{ippolito2019comparison,
  AUTHOR = {Ippolito, Daphne and Kriz, Reno and Sedoc, João and Kustikova, Maria and Callison-Burch, Chris},
  BOOKTITLE = {Proceedings of the 57th Annual Meeting of the Association for Computational Linguistics},
  DATE = {2019},
  PAGES = {3752--3762},
  TITLE = {Comparison of Diverse Decoding Methods from Conditional Language Models},
}

@INPROCEEDINGS{ippolito2019unsupervised,
  AUTHOR = {Ippolito, Daphne and Grangier, David and Callison-Burch, Chris and Eck, Douglas},
  BOOKTITLE = {Proceedings of the First Workshop on Narrative Understanding},
  DATE = {2019},
  PAGES = {37--43},
  TITLE = {Unsupervised hierarchical story infilling},
}

@INPROCEEDINGS{ippolito2020automatic,
  AUTHOR = {Ippolito, Daphne and Duckworth, Daniel and Callison-Burch, Chris and Eck, Douglas},
  BOOKTITLE = {Proceedings of the 58th Annual Meeting of the Association for Computational Linguistics},
  DATE = {2020},
  PAGES = {1808--1822},
  TITLE = {Automatic Detection of Generated Text is Easiest when Humans are Fooled},
}

@ARTICLE{jaccard1912distribution,
  AUTHOR = {Jaccard, Paul},
  PUBLISHER = {Wiley Online Library},
  DATE = {1912},
  JOURNALTITLE = {New phytologist},
  BOOKTITLE = {New phytologist},
  NUMBER = {2},
  PAGES = {37--50},
  TITLE = {The distribution of the flora in the alpine zone.},
  VOLUME = {11},
}

@ARTICLE{jagielski2020auditing,
  title={Auditing differentially private machine learning: How private is private sgd?},
  author={Jagielski, Matthew and Ullman, Jonathan and Oprea, Alina},
  journal={Advances in Neural Information Processing Systems},
  volume={33},
  pages={22205--22216},
  year={2020}
}

@INPROCEEDINGS{janarthanam2010learning,
  AUTHOR = {Janarthanam, Srinivasan and Lemon, Oliver},
  ORGANIZATION = {Association for Computational Linguistics},
  BOOKTITLE = {Proceedings of the 48th Annual Meeting of the Association for Computational Linguistics},
  DATE = {2010},
  PAGES = {69--78},
  TITLE = {Learning to adapt to unknown users: referring expression generation in spoken dialogue systems},
}

@INPROCEEDINGS{jayaraman2019evaluating,
  AUTHOR = {Jayaraman, Bargav and Evans, David},
  BOOKTITLE = {28th $\{$USENIX$\}$ Security Symposium ($\{$USENIX$\}$ Security 19)},
  DATE = {2019},
  PAGES = {1895--1912},
  TITLE = {Evaluating differentially private machine learning in practice},
}

@ARTICLE{jelinek1977perplexity,
  AUTHOR = {Jelinek, Fred and Mercer, Robert L and Bahl, Lalit R and Baker, James K},
  PUBLISHER = {ASA},
  DATE = {1977},
  JOURNALTITLE = {The Journal of the Acoustical Society of America},
  BOOKTITLE = {The Journal of the Acoustical Society of America},
  NUMBER = {S1},
  PAGES = {S63--S63},
  TITLE = {Perplexity—a measure of the difficulty of speech recognition tasks},
  VOLUME = {62},
}

@ARTICLE{jhamtani2017shakespearizing,
  title={Shakespearizing Modern Language Using Copy-Enriched Sequence to Sequence Models},
  author={Jhamtani, Harsh and Gangal, Varun and Hovy, Eduard and Nyberg, Eric},
  booktitle={Proceedings of the Workshop on Stylistic Variation},
  pages={10--19},
  year={2017}
}

@INPROCEEDINGS{jin-etal-2019-imat,
  AUTHOR = {Jin, Zhijing and Jin, Di and Mueller, Jonas and Matthews, Nicholas and Santus, Enrico},
  LOCATION = {Hong Kong, China},
  PUBLISHER = {Association for Computational Linguistics},
  URL = {https://www.aclweb.org/anthology/D19-1306},
  BOOKTITLE = {Proceedings of the 2019 Conference on Empirical Methods in Natural Language Processing and the 9th International Joint Conference on Natural Language Processing (EMNLP-IJCNLP)},
  DATE = {2019-11},
  DOI = {10.18653/v1/D19-1306},
  PAGES = {3097--3109},
  TITLE = {{IM}a{T}: Unsupervised Text Attribute Transfer via Iterative Matching and Translation},
}

@inproceedings{john2018disentangled,
  title={Disentangled Representation Learning for Non-Parallel Text Style Transfer},
  author={John, Vineet and Mou, Lili and Bahuleyan, Hareesh and Vechtomova, Olga},
  booktitle={Proceedings of the 57th Annual Meeting of the Association for Computational Linguistics},
  pages={424--434},
  year={2019}
}

@ARTICLE{joshi2020spanbert,
  AUTHOR = {Joshi, Mandar and Chen, Danqi and Liu, Yinhan and Weld, Daniel S and Zettlemoyer, Luke and Levy, Omer},
  DATE = {2020},
  JOURNALTITLE = {Transactions of the Association for Computational Linguistics},
  BOOKTITLE = {Transactions of the Association for Computational Linguistics},
  PAGES = {64--77},
  TITLE = {SpanBERT: Improving Pre-training by Representing and Predicting Spans},
  VOLUME = {8},
}

@ARTICLE{jozefowicz2016exploring,
  AUTHOR = {Jozefowicz, Rafal and Vinyals, Oriol and Schuster, Mike and Shazeer, Noam and Wu, Yonghui},
  DATE = {2016},
  JOURNALTITLE = {arXiv preprint arXiv:1602.02410},
  BOOKTITLE = {arXiv preprint arXiv:1602.02410},
  TITLE = {Exploring the Limits of Language Modeling},
}

@ARTICLE{kalchbrenner2016neural,
  AUTHOR = {Kalchbrenner, Nal and Espeholt, Lasse and Simonyan, Karen and Oord, Aaron van den and Graves, Alex and Kavukcuoglu, Koray},
  DATE = {2016},
  JOURNALTITLE = {arXiv preprint arXiv:1610.10099},
  BOOKTITLE = {arXiv preprint arXiv:1610.10099},
  TITLE = {Neural Machine Translation in Linear Time},
}

@ARTICLE{kannan2017adversarial,
  AUTHOR = {Kannan, Anjuli and Vinyals, Oriol},
  DATE = {2017},
  JOURNALTITLE = {arXiv preprint arXiv:1701.08198},
  BOOKTITLE = {arXiv preprint arXiv:1701.08198},
  TITLE = {Adversarial Evaluation of Dialogue Models},
}

@ARTICLE{kaplan2020scaling,
  AUTHOR = {Kaplan, Jared and McCandlish, Sam and Henighan, Tom and Brown, Tom B and Chess, Benjamin and Child, Rewon and Gray, Scott and Radford, Alec and Wu, Jeffrey and Amodei, Dario},
  DATE = {2020},
  JOURNALTITLE = {arXiv preprint arXiv:2001.08361},
  BOOKTITLE = {arXiv preprint arXiv:2001.08361},
  TITLE = {Scaling Laws for Neural Language Models},
}

@INPROCEEDINGS{karkkainen2003simple,
  AUTHOR = {Kärkkäinen, Juha and Sanders, Peter},
  ORGANIZATION = {Springer},
  BOOKTITLE = {International colloquium on automata, languages, and programming},
  DATE = {2003},
  PAGES = {943--955},
  TITLE = {Simple linear work suffix array construction},
}

@ARTICLE{keskar2019ctrl,
  AUTHOR = {Keskar, Nitish Shirish and McCann, Bryan and Varshney, Lav R and Xiong, Caiming and Socher, Richard},
  DATE = {2019},
  JOURNALTITLE = {arXiv preprint arXiv:1909.05858},
  BOOKTITLE = {arXiv preprint arXiv:1909.05858},
  TITLE = {Ctrl: A conditional transformer language model for controllable generation},
}

@INPROCEEDINGS{khandelwal20generalization,
  AUTHOR = {Khandelwal, Urvashi and Levy, Omer and Jurafsky, Dan and Zettlemoyer, Luke and Lewis, Mike},
  BOOKTITLE = {International Conference on Learning Representations (ICLR)},
  DATE = {2020},
  TITLE = {{Generalization through Memorization: Nearest Neighbor Language Models}},
}

@INPROCEEDINGS{kingma2014adam,
  AUTHOR = {Kingma, Diederik P and Ba, Jimmy},
  BOOKTITLE = {The International Conference for Learning Representations},
  DATE = {2015},
  TITLE = {Adam: A method for stochastic optimization},
}

@INPROCEEDINGS{ko2003space,
  AUTHOR = {Ko, Pang and Aluru, Srinivas},
  ORGANIZATION = {Springer},
  BOOKTITLE = {Annual Symposium on Combinatorial Pattern Matching},
  DATE = {2003},
  PAGES = {200--210},
  TITLE = {Space efficient linear time construction of suffix arrays},
}

@ARTICLE{koh2017understandingbp,
  AUTHOR = {Koh, Pang Wei and Liang, Percy},
  DATE = {2017},
  JOURNALTITLE = {ArXiv},
  BOOKTITLE = {ArXiv},
  TITLE = {Understanding Black-box Predictions via Influence Functions},
  VOLUME = {abs/1703.04730},
}

@INPROCEEDINGS{koh2019onta,
  AUTHOR = {Koh, Pang Wei and Ang, Kai-Siang and Teo, Hubert Hua Kian and Liang, Percy},
  BOOKTITLE = {NeurIPS},
  DATE = {2019},
  TITLE = {On the Accuracy of Influence Functions for Measuring Group Effects},
}

@INPROCEEDINGS{kondadadi2013statistical,
  AUTHOR = {Kondadadi, Ravi and Howald, Blake and Schilder, Frank},
  BOOKTITLE = {Proceedings of the 51st Annual Meeting of the Association for Computational Linguistics (Volume 1: Long Papers)},
  DATE = {2013},
  PAGES = {1406--1415},
  TITLE = {A statistical nlg framework for aggregated planning and realization},
}

@INPROCEEDINGS{krause2017hierarchical,
  AUTHOR = {Krause, Jonathan and Johnson, Justin and Krishna, Ranjay and Fei-Fei, Li},
  ORGANIZATION = {IEEE},
  BOOKTITLE = {Computer Vision and Pattern Recognition (CVPR), 2017 IEEE Conference on},
  DATE = {2017},
  PAGES = {3337--3345},
  TITLE = {A hierarchical approach for generating descriptive image paragraphs},
}

@ARTICLE{kreps2020all,
  AUTHOR = {Kreps, Sarah E and McCain, Miles and Brundage, Miles},
  DATE = {2020},
  JOURNALTITLE = {Social Science Research Network},
  BOOKTITLE = {Social Science Research Network},
  TITLE = {All the News that’s Fit to Fabricate: AI-Generated Text as a Tool of Media Misinformation},
}

@INPROCEEDINGS{kriz2019complexity,
  AUTHOR = {Kriz, Reno and Sedoc, João and Apidianaki, Marianna and Zheng, Carolina and Kumar, Gaurav and Miltsakaki, Eleni and Callison-Burch, Chris},
  DATE = {2019},
  JOURNALTITLE = {Proceedings of the 2019 Conference of the North American Chapter of the Association for Computational Linguistics (NAACL 2019)},
  BOOKTITLE = {Proceedings of the 2019 Conference of the North American Chapter of the Association for Computational Linguistics (NAACL 2019)},
  TITLE = {Complexity-Weighted Loss and Diverse Reranking for Sentence Simplification},
}

@INPROCEEDINGS{krizhevsky2012imagenet,
  AUTHOR = {Krizhevsky, Alex and Sutskever, Ilya and Hinton, Geoffrey E},
  BOOKTITLE = {Advances in neural information processing systems},
  DATE = {2012},
  PAGES = {1097--1105},
  TITLE = {Imagenet classification with deep convolutional neural networks},
}

@INPROCEEDINGS{kulikov2018importance,
  AUTHOR = {Kulikov, Ilya and Miller, Alexander H and Cho, Kyunghyun and Weston, Jason},
  DATE = {2018},
  JOURNALTITLE = {arXiv preprint arXiv:1811.00907},
    BOOKTITLE = {arXiv preprint arXiv:1811.00907},
  TITLE = {Importance of a Search Strategy in Neural Dialogue Modelling},
}

@MISC{lacki2018connected,
  AUTHOR = {Łącki, Jakub and Mirrokni, Vahab and Włodarczyk, Michał},
  DATE = {2018},
  EPRINT = {1807.10727},
  EPRINTCLASS = {cs.DC},
  EPRINTTYPE = {arXiv},
  TITLE = {Connected Components at Scale via Local Contractions},
}

@INPROCEEDINGS{lai2015recurrent,
  AUTHOR = {Lai, Siwei and Xu, Liheng and Liu, Kang and Zhao, Jun},
  BOOKTITLE = {Twenty-ninth AAAI conference on artificial intelligence},
  DATE = {2015},
  TITLE = {Recurrent convolutional neural networks for text classification},
}

@MISC{laugier2021civil,
  AUTHOR = {Laugier, Leo and Pavlopoulos, John and Sorensen, Jeffrey and Dixon, Lucas},
  DATE = {2021},
  EPRINT = {2102.05456},
  EPRINTCLASS = {cs.CL},
  EPRINTTYPE = {arXiv},
  TITLE = {Civil Rephrases Of Toxic Texts With Self-Supervised Transformers},
}

@INPROCEEDINGS{le2014distributed,
  AUTHOR = {Le, Quoc and Mikolov, Tomas},
  LOCATION = {Beijing, China},
  BOOKTITLE = {Proceedings of the 31st International Conference on International Conference on Machine Learning - Volume 32},
  DATE = {2014},
  PAGES = {1188--1196},
  SERIES = {ICML'14},
  TITLE = {Distributed Representations of Sentences and Documents},
}

@INPROCEEDINGS{lee2021deduplicating,
  AUTHOR = {Lee, Katherine and Ippolito, Daphne and Nystrom, Andrew and Zhang, Chiyuan and Eck, Douglas and Callison-Burch, Chris and Carlini, Nicholas},
  DATE = {2022},
  BOOKTITLE = {Proceedings of the 60th Annual Meeting of the Association for Computational Linguistics},
  TITLE = {Deduplicating Training Data Makes Language Models Better},
}

@INPROCEEDINGS{lester2021power,
  AUTHOR = {Lester, Brian and Al-Rfou, Rami and Constant, Noah},
  BOOKTITLE = {Proceedings of the 2021 Conference on Empirical Methods in Natural Language Processing},
  DATE = {2021},
  PAGES = {3045--3059},
  TITLE = {The Power of Scale for Parameter-Efficient Prompt Tuning},
}

@INPROCEEDINGS{lewis2020bart,
  AUTHOR = {Lewis, Mike and Liu, Yinhan and Goyal, Naman and Ghazvininejad, Marjan and Mohamed, Abdelrahman and Levy, Omer and Stoyanov, Veselin and Zettlemoyer, Luke},
  BOOKTITLE = {Proceedings of the 58th Annual Meeting of the Association for Computational Linguistics},
  DATE = {2020},
  PAGES = {7871--7880},
  TITLE = {BART: Denoising Sequence-to-Sequence Pre-training for Natural Language Generation, Translation, and Comprehension},
}

@MISC{lin2021truthfulqa,
  AUTHOR = {Lin, Stephanie and Hilton, Jacob and Evans, Owain},
  DATE = {2021},
  EPRINT = {2109.07958},
  EPRINTCLASS = {cs.CL},
  EPRINTTYPE = {arXiv},
  TITLE = {TruthfulQA: Measuring How Models Mimic Human Falsehoods},
}

@INPROCEEDINGS{li-etal-2018-delete,
  AUTHOR = {Li, Juncen and Jia, Robin and He, He and Liang, Percy},
  LOCATION = {New Orleans, Louisiana},
  PUBLISHER = {Association for Computational Linguistics},
  URL = {https://www.aclweb.org/anthology/N18-1169},
  BOOKTITLE = {Proceedings of the 2018 Conference of the North {A}merican Chapter of the Association for Computational Linguistics: Human Language Technologies, Volume 1 (Long Papers)},
  DATE = {2018-06},
  DOI = {10.18653/v1/N18-1169},
  PAGES = {1865--1874},
  TITLE = {Delete, Retrieve, Generate: a Simple Approach to Sentiment and Style Transfer},
}

@INPROCEEDINGS{li2016diversity,
  AUTHOR = {Li, Jiwei and Galley, Michel and Brockett, Chris and Gao, Jianfeng and Dolan, Bill},
  LOCATION = {San Diego, California},
  PUBLISHER = {Association for Computational Linguistics},
  URL = {https://www.aclweb.org/anthology/N16-1014},
  BOOKTITLE = {Proceedings of the 2016 Conference of the North {A}merican Chapter of the Association for Computational Linguistics: Human Language Technologies},
  DATE = {2016-06},
  DOI = {10.18653/v1/N16-1014},
  PAGES = {110--119},
  TITLE = {A Diversity-Promoting Objective Function for Neural Conversation Models},
}

@INPROCEEDINGS{li2016mutual,
  AUTHOR = {Li, Jiwei and Jurafsky, Dan},
  DATE = {2016},
  JOURNALTITLE = {arXiv preprint arXiv:1601.00372},
  BOOKTITLE = {arXiv preprint arXiv:1601.00372},
  TITLE = {Mutual information and diverse decoding improve neural machine translation},
}

@INPROCEEDINGS{li2016simple,
  AUTHOR = {Li, Jiwei and Monroe, Will and Jurafsky, Dan},
  DATE = {2016},
  JOURNALTITLE = {arXiv preprint arXiv:1611.08562},
  BOOKTITLE = {arXiv preprint arXiv:1611.08562},
  TITLE = {A simple, fast diverse decoding algorithm for neural generation},
}

@inproceedings{li2017adversarial,
  title={Adversarial Learning for Neural Dialogue Generation},
  author={Li, Jiwei and Monroe, Will and Shi, Tianlin and Jean, S{\'e}bastien and Ritter, Alan and Jurafsky, Dan},
  booktitle={Proceedings of the 2017 Conference on Empirical Methods in Natural Language Processing},
  pages={2157--2169},
  year={2017}
}

@inproceedings{li2021prefix,
  title={Prefix-Tuning: Optimizing Continuous Prompts for Generation},
  author={Li, Xiang Lisa and Liang, Percy},
  booktitle={Proceedings of the 59th Annual Meeting of the Association for Computational Linguistics and the 11th International Joint Conference on Natural Language Processing (Volume 1: Long Papers)},
  pages={4582--4597},
  year={2021}
}

@INPROCEEDINGS{lin2004rouge,
  AUTHOR = {Lin, Chin-Yew},
  LOCATION = {Barcelona, Spain},
  PUBLISHER = {Association for Computational Linguistics},
  URL = {https://www.aclweb.org/anthology/W04-1013},
  BOOKTITLE = {Text Summarization Branches Out: Proceedings of the {ACL}-04 Workshop},
  DATE = {2004-07},
  PAGES = {74--81},
  TITLE = {{ROUGE}: A Package for Automatic Evaluation of Summaries},
}

@INPROCEEDINGS{lin2014microsoft,
  AUTHOR = {Lin, Tsung-Yi and Maire, Michael and Belongie, Serge and Hays, James and Perona, Pietro and Ramanan, Deva and Dollár, Piotr and Zitnick, C Lawrence},
  ORGANIZATION = {Springer},
  URL = {https://link.springer.com/chapter/10.1007/978-3-319-10602-1_48},
  BOOKTITLE = {European conference on computer vision},
  DATE = {2014},
  PAGES = {740--755},
  TITLE = {Microsoft coco: Common objects in context},
}

@INPROCEEDINGS{lin2017adversarial,
  AUTHOR = {Lin, Kevin and Li, Dianqi and He, Xiaodong and Zhang, Zhengyou and Sun, Ming-Ting},
  BOOKTITLE = {Advances in Neural Information Processing Systems},
  DATE = {2017},
  PAGES = {3155--3165},
  TITLE = {Adversarial ranking for language generation},
}

@INPROCEEDINGS{lin2019entropy,
  AUTHOR = {Lin, Kuan-Yen and Hsu, Chao-Chun and Chen, Yun-Nung and Ku, Lun-Wei},
  BOOKTITLE = {DSTC7 at AAAI2019 workshop},
  DATE = {2019},
  TITLE = {Entropy-Enhanced Multimodal Attention Model for Scene-Aware Dialogue Generation},
}

@INPROCEEDINGS{lin2020commongen,
  AUTHOR = {Lin, Bill Yuchen and Zhou, Wangchunshu and Shen, Ming and Zhou, Pei and Bhagavatula, Chandra and Choi, Yejin and Ren, Xiang},
  BOOKTITLE = {Proceedings of the 2020 Conference on Empirical Methods in Natural Language Processing: Findings},
  DATE = {2020},
  PAGES = {1823--1840},
  TITLE = {CommonGen: A Constrained Text Generation Challenge for Generative Commonsense Reasoning},
}

@inproceedings{linzen2020can,
  title={How Can We Accelerate Progress Towards Human-like Linguistic Generalization?},
  author={Linzen, Tal},
  booktitle={Proceedings of the 58th Annual Meeting of the Association for Computational Linguistics},
  pages={5210--5217},
  year={2020}
}

@INPROCEEDINGS{liu2016not,
  AUTHOR = {Liu, Chia-Wei and Lowe, Ryan and Serban, Iulian and Noseworthy, Mike and Charlin, Laurent and Pineau, Joelle},
  LOCATION = {Austin, Texas},
  PUBLISHER = {Association for Computational Linguistics},
  URL = {https://www.aclweb.org/anthology/D16-1230},
  BOOKTITLE = {Proceedings of the 2016 Conference on Empirical Methods in Natural Language Processing},
  DATE = {2016-11},
  DOI = {10.18653/v1/D16-1230},
  PAGES = {2122--2132},
  TITLE = {How {NOT} To Evaluate Your Dialogue System: An Empirical Study of Unsupervised Evaluation Metrics for Dialogue Response Generation},
}

@inproceedings{liu2018generating,
  title={Generating Wikipedia by Summarizing Long Sequences},
  author={Liu, Peter J and Saleh, Mohammad and Pot, Etienne and Goodrich, Ben and Sepassi, Ryan and Kaiser, Lukasz and Shazeer, Noam},
  booktitle={International Conference on Learning Representations},
  DATE = {2018},
}

@INPROCEEDINGS{liu2020revision,
  AUTHOR = {Liu, Dayiheng and Fu, Jie and Zhang, Yidan and Pal, Chris and Lv, Jiancheng},
  URL = {https://arxiv.org/abs/1905.12304},
  BOOKTITLE = {Proceedings of the AAAI Conference on Artificial Intelligence},
  DATE = {2020},
  NUMBER = {05},
  PAGES = {8376--8383},
  TITLE = {Revision in continuous space: Unsupervised text style transfer without adversarial learning},
  VOLUME = {34},
}

@ARTICLE{liu2021pre,
  AUTHOR = {Liu, Pengfei and Yuan, Weizhe and Fu, Jinlan and Jiang, Zhengbao and Hayashi, Hiroaki and Neubig, Graham},
  URL = {https://arxiv.org/pdf/2107.13586.pdf},
  DATE = {2021},
  JOURNALTITLE = {arXiv preprint arXiv:2107.13586},
  BOOKTITLE = {arXiv preprint arXiv:2107.13586},
  TITLE = {Pre-train, prompt, and predict: A systematic survey of prompting methods in natural language processing},
}

@INPROCEEDINGS{long2020pragmatic,
  AUTHOR = {Long, Yunhui and Wang, Lei and Bu, Diyue and Bindschaedler, Vincent and Wang, Xiaofeng and Tang, Haixu and Gunter, Carl A and Chen, Kai},
  ORGANIZATION = {IEEE},
  BOOKTITLE = {2020 IEEE European Symposium on Security and Privacy (EuroS\&P)},
  DATE = {2020},
  PAGES = {521--534},
  TITLE = {A Pragmatic Approach to Membership Inferences on Machine Learning Models},
}

@INPROCEEDINGS{lowe2017towards,
  AUTHOR = {Lowe, Ryan and Noseworthy, Michael and Serban, Iulian Vlad and Angelard-Gontier, Nicolas and Bengio, Yoshua and Pineau, Joelle},
  BOOKTITLE = {Proceedings of the 55th Annual Meeting of the Association for Computational Linguistics (Volume 1: Long Papers)},
  DATE = {2017},
  PAGES = {1116--1126},
  TITLE = {Towards an Automatic Turing Test: Learning to Evaluate Dialogue Responses},
}

@INPROCEEDINGS{luo19dualrl,
  AUTHOR = {Luo, Fuli and Li, Peng and Zhou, Jie and Yang, Pengcheng and Chang, Baobao and Sui, Zhifang and Sun, Xu},
  BOOKTITLE = {Proceedings of the 28th International Joint Conference on Artificial Intelligence, {IJCAI} 2019},
  DATE = {2019},
  TITLE = {A Dual Reinforcement Learning Framework for Unsupervised Text Style Transfer},
}

@MISC{luo2017,
  AUTHOR = {Luo, Ruotian},
  PUBLISHER = {GitHub},
  DATE = {2017},
  HOWPUBLISHED = {\url{https://github.com/ruotianluo/ImageCaptioning.pytorch}},
  JOURNALTITLE = {GitHub repository},
  BOOKTITLE = {GitHub repository},
  TITLE = {An Image Captioning codebase in PyTorch},
}

@ARTICLE{luong2014addressing,
  AUTHOR = {Luong, Minh-Thang and Sutskever, Ilya and Le, Quoc V and Vinyals, Oriol and Zaremba, Wojciech},
  DATE = {2014},
  JOURNALTITLE = {arXiv preprint arXiv:1410.8206},
  BOOKTITLE = {arXiv preprint arXiv:1410.8206},
  TITLE = {Addressing the Rare Word Problem in Neural Machine Translation},
}

@ARTICLE{luong2015effective,
  AUTHOR = {Luong, Minh-Thang and Pham, Hieu and Manning, Christopher D},
  DATE = {2015},
  JOURNALTITLE = {arXiv preprint arXiv:1508.04025},
  BOOKTITLE = {arXiv preprint arXiv:1508.04025},
  TITLE = {Effective approaches to attention-based neural machine translation},
}

@INPROCEEDINGS{luong2015effectiveat,
  AUTHOR = {Luong, Thang and Pham, Hieu and Manning, Christopher D.},
  LOCATION = {Lisbon, Portugal},
  URL = {https://aclweb.org/anthology/D15-1166},
  BOOKTITLE = {Proceedings of the 2015 Conference on Empirical Methods in Natural Language Processing},
  DATE = {2015},
  PAGES = {1412--1421},
  TITLE = {{Effective Approaches to Attention-based Neural Machine Translation}},
}

@INPROCEEDINGS{madaan-etal-2020-politeness,
  AUTHOR = {Madaan, Aman and Setlur, Amrith and Parekh, Tanmay and Poczos, Barnabas and Neubig, Graham and Yang, Yiming and Salakhutdinov, Ruslan and Black, Alan W and Prabhumoye, Shrimai},
  LOCATION = {Online},
  PUBLISHER = {Association for Computational Linguistics},
  URL = {https://www.aclweb.org/anthology/2020.acl-main.169},
  BOOKTITLE = {Proceedings of the 58th Annual Meeting of the Association for Computational Linguistics},
  DATE = {2020-07},
  DOI = {10.18653/v1/2020.acl-main.169},
  PAGES = {1869--1881},
  TITLE = {Politeness Transfer: A Tag and Generate Approach},
}

@ARTICLE{manber1993suffix,
  AUTHOR = {Manber, Udi and Myers, Gene},
  PUBLISHER = {SIAM},
  DATE = {1993},
  JOURNALTITLE = {siam Journal on Computing},
  BOOKTITLE = {siam Journal on Computing},
  NUMBER = {5},
  PAGES = {935--948},
  TITLE = {Suffix arrays: a new method for on-line string searches},
  VOLUME = {22},
}

@inproceedings{mao2019improving,
  title={Improving Neural Story Generation by Targeted Common Sense Grounding},
  author={Mao, Huanru Henry and Majumder, Bodhisattwa Prasad and McAuley, Julian and Cottrell, Garrison},
  booktitle={Proceedings of the 2019 Conference on Empirical Methods in Natural Language Processing and the 9th International Joint Conference on Natural Language Processing (EMNLP-IJCNLP)},
  pages={5988--5993},
  year={2019}
}

@ARTICLE{marcus1993building,
  AUTHOR = {Marcus, Mitchell and Santorini, Beatrice and Marcinkiewicz, Mary Ann},
  DATE = {1993},
  TITLE = {Building a large annotated corpus of English: The Penn Treebank},
}

@ARTICLE{marin2019learning,
  AUTHOR = {Marin, Javier and Biswas, Aritro and Ofli, Ferda and Hynes, Nicholas and Salvador, Amaia and Aytar, Yusuf and Weber, Ingmar and Torralba, Antonio},
  DATE = {2019},
  JOURNALTITLE = {{IEEE} Trans. Pattern Anal. Mach. Intell.},
  BOOKTITLE = {{IEEE} Trans. Pattern Anal. Mach. Intell.},
  TITLE = {Recipe1M+: A Dataset for Learning Cross-Modal Embeddings for Cooking Recipes and Food Images},
}

@INPROCEEDINGS{mayhew2020simultaneous,
  AUTHOR = {Mayhew, Stephen and Bicknell, Klinton and Brust, Chris and McDowell, Bill and Monroe, Will and Settles, Burr},
  BOOKTITLE = {Proceedings of the Fourth Workshop on Neural Generation and Translation},
  DATE = {2020},
  PAGES = {232--243},
  TITLE = {Simultaneous translation and paraphrase for language education},
}

@ARTICLE{mccoy2021raven,
  AUTHOR = {McCoy, R. Thomas and Smolensky, Paul and Linzen, Tal and Gao, Jianfeng and Celikyilmaz, Asli},
  URL = {https://arxiv.org/abs/2111.09509},
  DATE = {2021},
  EPRINT = {2111.09509},
  EPRINTTYPE = {arXiv},
  JOURNALTITLE = {CoRR},
  BOOKTITLE = {CoRR},
  TITLE = {How much do language models copy from their training data? Evaluating linguistic novelty in text generation using {RAVEN}},
  VOLUME = {abs/2111.09509},
}

@INPROCEEDINGS{mcdonald-pustejovsky-1985-computational,
  AUTHOR = {McDonald, David D. and Pustejovsky, James D.},
  LOCATION = {Geneva, Switzerland},
  PUBLISHER = {Association for Computational Linguistics},
  URL = {https://www.aclweb.org/anthology/E85-1027},
  BOOKTITLE = {Second Conference of the {E}uropean Chapter of the Association for Computational Linguistics},
  DATE = {1985-03},
  TITLE = {A Computational Theory of Prose Style for Natural Language Generation},
}

@inproceedings{meng2015encoding,
  title={Encoding Source Language with Convolutional Neural Network for Machine Translation},
  author={Meng, Fandong and Lu, Zhengdong and Wang, Mingxuan and Li, Hang and Jiang, Wenbin and Liu, Qun},
  booktitle={Proceedings of the 53rd Annual Meeting of the Association for Computational Linguistics and the 7th International Joint Conference on Natural Language Processing (Volume 1: Long Papers)},
  pages={20--30},
  year={2015}
}

@ARTICLE{miculicich2019selecting,
  AUTHOR = {Miculicich, Lesly and Marone, Marc and Hassan, Hany},
  DATE = {2019},
  JOURNALTITLE = {EMNLP-IJCNLP 2019},
  BOOKTITLE = {EMNLP-IJCNLP 2019},
  PAGES = {289},
  TITLE = {Selecting, Planning, and Rewriting: A Modular Approach for Data-to-Document Generation and Translation},
}

@INPROCEEDINGS{mikolov2011empirical,
  AUTHOR = {Mikolov, Tomáš and Deoras, Anoop and Kombrink, Stefan and Burget, Lukáš and Černockỳ, Jan},
  BOOKTITLE = {Twelfth annual conference of the international speech communication association},
  DATE = {2011},
  TITLE = {Empirical evaluation and combination of advanced language modeling techniques},
}

@INPROCEEDINGS{mikolov2013distributed,
  AUTHOR = {Mikolov, Tomas and Sutskever, Ilya and Chen, Kai and Corrado, Greg S and Dean, Jeff},
  BOOKTITLE = {Advances in neural information processing systems},
  DATE = {2013},
  PAGES = {3111--3119},
  TITLE = {Distributed representations of words and phrases and their compositionality},
}

@ARTICLE{mikolov2013word2vec,
  AUTHOR = {Mikolov, Tomas and Chen, Kai and Corrado, Greg and Dean, Jeffrey},
  DATE = {2013},
  JOURNALTITLE = {arXiv preprint arXiv:1301.3781},
  BOOKTITLE = {arXiv preprint arXiv:1301.3781},
  TITLE = {Efficient estimation of word representations in vector space},
}

@INPROCEEDINGS{mori2020finding,
  AUTHOR = {Mori, Yusuke and Yamane, Hiroaki and Mukuta, Yusuke and Harada, Tatsuya},
  BOOKTITLE = {Proceedings of the The 4th Joint SIGHUM Workshop on Computational Linguistics for Cultural Heritage, Social Sciences, Humanities and Literature},
  DATE = {2020},
  PAGES = {156--166},
  TITLE = {Finding and Generating a Missing Part for Story Completion},
}

@INPROCEEDINGS{mostafazadeh2016corpus,
  AUTHOR = {Mostafazadeh, Nasrin and Chambers, Nathanael and He, Xiaodong and Parikh, Devi and Batra, Dhruv and Vanderwende, Lucy and Kohli, Pushmeet and Allen, James},
  LOCATION = {San Diego, California},
  PUBLISHER = {Association for Computational Linguistics},
  URL = {https://www.aclweb.org/anthology/N16-1098},
  BOOKTITLE = {Proceedings of the 2016 Conference of the North {A}merican Chapter of the Association for Computational Linguistics: Human Language Technologies},
  DATE = {2016-06},
  DOI = {10.18653/v1/N16-1098},
  PAGES = {839--849},
  TITLE = {A Corpus and Cloze Evaluation for Deeper Understanding of Commonsense Stories},
}

@ARTICLE{mukherjee2006learning,
  AUTHOR = {Mukherjee, Sayan and Niyogi, Partha and Poggio, Tomaso and Rifkin, Ryan},
  PUBLISHER = {Springer},
  DATE = {2006},
  JOURNALTITLE = {Advances in Computational Mathematics},
  BOOKTITLE = {Advances in Computational Mathematics},
  NUMBER = {1},
  PAGES = {161--193},
  TITLE = {Learning theory: stability is sufficient for generalization and necessary and sufficient for consistency of empirical risk minimization},
  VOLUME = {25},
}

@MISC{nakano2021webgpt,
  AUTHOR = {Nakano, Reiichiro and Hilton, Jacob and Balaji, Suchir and Wu, Jeff and Ouyang, Long and Kim, Christina and Hesse, Christopher and Jain, Shantanu and Kosaraju, Vineet and Saunders, William and Jiang, Xu and Cobbe, Karl and Eloundou, Tyna and Krueger, Gretchen and Button, Kevin and Knight, Matthew and Chess, Benjamin and Schulman, John},
  DATE = {2021},
  EPRINT = {2112.09332},
  EPRINTCLASS = {cs.CL},
  EPRINTTYPE = {arXiv},
  TITLE = {WebGPT: Browser-assisted question-answering with human feedback},
}

@INPROCEEDINGS{nallapati2016abstractive,
  AUTHOR = {Nallapati, Ramesh and Zhou, Bowen and dos Santos, Cicero and Gulçehre, Çağlar and Xiang, Bing},
  BOOKTITLE = {Proceedings of The 20th SIGNLL Conference on Computational Natural Language Learning},
  DATE = {2016},
  PAGES = {280--290},
  TITLE = {Abstractive Text Summarization using Sequence-to-sequence RNNs and Beyond},
}

@INPROCEEDINGS{nallapati2016abstractivets,
  AUTHOR = {Nallapati, Ramesh and Zhou, Bowen and dos Santos, Cícero Nogueira and GülÃ§ehre, Ãaglar and Xiang, Bing},
  LOCATION = {Berlin, Germany},
  BOOKTITLE = {Proceedings of The 20th SIGNLL Conference on Computational Natural Language Learning (CoNLL)},
  DATE = {2016},
  PAGES = {280--290},
  TITLE = {{Abstractive Text Summarization using Sequence-to-sequence RNNs and Beyond}},
}

@ARTICLE{nasr2021adversary,
  AUTHOR = {Nasr, Milad and Song, Shuang and Thakurta, Abhradeep and Papernot, Nicolas and Carlini, Nicholas},
  DATE = {2021},
  JOURNALTITLE = {IEEE Symposium on Security and Privacy},
  BOOKTITLE = {IEEE Symposium on Security and Privacy},
  PAGES = {866--882},
  TITLE = {Adversary instantiation: Lower bounds for differentially private machine learning},
}

@ARTICLE{neubig2017neural,
  AUTHOR = {Neubig, Graham},
  DATE = {2017},
  JOURNALTITLE = {arXiv preprint arXiv:1703.01619},
  BOOKTITLE = {arXiv preprint arXiv:1703.01619},
  TITLE = {Neural machine translation and sequence-to-sequence models: A tutorial},
}

@INPROCEEDINGS{neurips2020_1457c0d6,
  AUTHOR = {Brown, Tom and Mann, Benjamin and Ryder, Nick and Subbiah, Melanie and Kaplan, Jared D and Dhariwal, Prafulla and Neelakantan, Arvind and Shyam, Pranav and Sastry, Girish and Askell, Amanda and Agarwal, Sandhini and Herbert-Voss, Ariel and Krueger, Gretchen and Henighan, Tom and Child, Rewon and Ramesh, Aditya and Ziegler, Daniel and Wu, Jeffrey and Winter, Clemens and Hesse, Chris and Chen, Mark and Sigler, Eric and Litwin, Mateusz and Gray, Scott and Chess, Benjamin and Clark, Jack and Berner, Christopher and McCandlish, Sam and Radford, Alec and Sutskever, Ilya and Amodei, Dario},
  EDITOR = {Larochelle, H. and Ranzato, M. and Hadsell, R. and Balcan, M. F. and Lin, H.},
  PUBLISHER = {Curran Associates, Inc.},
  URL = {https://proceedings.neurips.cc/paper/2020/file/1457c0d6bfcb4967418bfb8ac142f64a-Paper.pdf},
  BOOKTITLE = {Advances in Neural Information Processing Systems},
  DATE = {2020},
  PAGES = {1877--1901},
  TITLE = {Language Models are Few-Shot Learners},
  VOLUME = {33},
}

@ARTICLE{neyshabur2014search,
  AUTHOR = {Neyshabur, Behnam and Tomioka, Ryota and Srebro, Nathan},
  DATE = {2014},
  JOURNALTITLE = {arXiv preprint arXiv:1412.6614},
  BOOKTITLE = {arXiv preprint arXiv:1412.6614},
  TITLE = {In search of the real inductive bias: On the role of implicit regularization in deep learning},
}

@article{neyshabur2017exploring,
  title={Exploring generalization in deep learning},
  author={Neyshabur, Behnam and Bhojanapalli, Srinadh and McAllester, David and Srebro, Nati},
  journal={Advances in neural information processing systems},
  volume={30},
  year={2017}
}

@INPROCEEDINGS{nips2017_2d2c8394,
  AUTHOR = {Shen, Tianxiao and Lei, Tao and Barzilay, Regina and Jaakkola, Tommi},
  EDITOR = {Guyon, I. and Luxburg, U. V. and Bengio, S. and Wallach, H. and Fergus, R. and Vishwanathan, S. and Garnett, R.},
  PUBLISHER = {Curran Associates, Inc.},
  URL = {https://proceedings.neurips.cc/paper/2017/file/2d2c8394e31101a261abf1784302bf75-Paper.pdf},
  BOOKTITLE = {Advances in Neural Information Processing Systems},
  DATE = {2017},
  TITLE = {Style Transfer from Non-Parallel Text by Cross-Alignment},
  VOLUME = {30},
}

@INPROCEEDINGS{niven2019probing,
  AUTHOR = {Niven, Timothy and Kao, Hung-Yu},
  LOCATION = {Florence, Italy},
  PUBLISHER = {Association for Computational Linguistics},
  URL = {https://www.aclweb.org/anthology/P19-1459},
  BOOKTITLE = {Proceedings of the 57th Annual Meeting of the Association for Computational Linguistics},
  DATE = {2019-07},
  PAGES = {4658--4664},
  TITLE = {Probing Neural Network Comprehension of Natural Language Arguments},
}

@INPROCEEDINGS{nong2009linear,
  AUTHOR = {Nong, Ge and Zhang, Sen and Chan, Wai Hong},
  ORGANIZATION = {IEEE},
  BOOKTITLE = {2009 data compression conference},
  DATE = {2009},
  PAGES = {193--202},
  TITLE = {Linear suffix array construction by almost pure induced-sorting},
}

@INPROCEEDINGS{novikova2017we,
  AUTHOR = {Novikova, Jekaterina and Dušek, Ondřej and Curry, Amanda Cercas and Rieser, Verena},
  BOOKTITLE = {Proceedings of the 2017 Conference on Empirical Methods in Natural Language Processing},
  DATE = {2017},
  PAGES = {2241--2252},
  TITLE = {Why We Need New Evaluation Metrics for NLG},
}

@INPROCEEDINGS{opennmt,
  AUTHOR = {Klein, Guillaume and Kim, Yoon and Deng, Yuntian and Senellart, Jean and Rush, Alexander M.},
  URL = {https://doi.org/10.18653/v1/P17-4012},
  BOOKTITLE = {Proc. ACL},
  DATE = {2017},
  DOI = {10.18653/v1/P17-4012},
  TITLE = {Open{NMT}: Open-Source Toolkit for Neural Machine Translation},
}

@INPROCEEDINGS{papineni2001bleu,
  AUTHOR = {Papineni, Kishore and Roukos, Salim and Ward, Todd and Zhu, Wei-Jing},
  URL = {https://www.aclweb.org/anthology/P02-1040},
  BOOKTITLE = {Association for Computational Linguistics},
  DATE = {2001},
  TITLE = {BLEU: a Method for Automatic Evaluation of Machine Translation},
}

@INPROCEEDINGS{papineni2002bleu,
  AUTHOR = {Papineni, Kishore and Roukos, Salim and Ward, Todd and Zhu, Wei-Jing},
  ORGANIZATION = {Association for Computational Linguistics},
  BOOKTITLE = {Proceedings of the 40th annual meeting on association for computational linguistics},
  DATE = {2002},
  PAGES = {311--318},
  TITLE = {BLEU: a method for automatic evaluation of machine translation},
}

@MISC{patterson2021carbon,
  AUTHOR = {Patterson, David and Gonzalez, Joseph and Le, Quoc and Liang, Chen and Munguia, Lluis-Miquel and Rothchild, Daniel and So, David and Texier, Maud and Dean, Jeff},
  DATE = {2021},
  EPRINT = {2104.10350},
  EPRINTCLASS = {cs.LG},
  EPRINTTYPE = {arXiv},
  TITLE = {Carbon Emissions and Large Neural Network Training},
}

@INPROCEEDINGS{pennington2014glove,
  AUTHOR = {Pennington, Jeffrey and Socher, Richard and Manning, Christopher D.},
  URL = {http://www.aclweb.org/anthology/D14-1162},
  BOOKTITLE = {Empirical Methods in Natural Language Processing (EMNLP)},
  DATE = {2014},
  PAGES = {1532--1543},
  TITLE = {GloVe: Global Vectors for Word Representation},
}

@ARTICLE{pile,
  AUTHOR = {Gao, Leo and Biderman, Stella and Black, Sid and Golding, Laurence and Hoppe, Travis and Foster, Charles and Phang, Jason and He, Horace and Thite, Anish and Nabeshima, Noa and Presser, Shawn and Leahy, Connor},
  DATE = {2020},
  JOURNALTITLE = {arXiv preprint arXiv:2101.00027},
  BOOKTITLE = {arXiv preprint arXiv:2101.00027},
  TITLE = {The {P}ile: An 800GB Dataset of Diverse Text for Language Modeling},
}

@INPROCEEDINGS{prabhumoye-etal-2018-style,
  AUTHOR = {Prabhumoye, Shrimai and Tsvetkov, Yulia and Salakhutdinov, Ruslan and Black, Alan W},
  LOCATION = {Melbourne, Australia},
  PUBLISHER = {Association for Computational Linguistics},
  URL = {https://www.aclweb.org/anthology/P18-1080},
  BOOKTITLE = {Proceedings of the 56th Annual Meeting of the Association for Computational Linguistics (Volume 1: Long Papers)},
  DATE = {2018-07},
  DOI = {10.18653/v1/P18-1080},
  PAGES = {866--876},
  TITLE = {Style Transfer Through Back-Translation},
}

@ARTICLE{pruthi2020estimatingtd,
  AUTHOR = {Pruthi, Garima and Liu, Frederick and Sundararajan, Mukund and Kale, Satyen},
  DATE = {2020},
  JOURNALTITLE = {ArXiv},
  BOOKTITLE = {ArXiv},
  TITLE = {Estimating Training Data Influence by Tracking Gradient Descent},
  VOLUME = {abs/2002.08484},
}

@ARTICLE{puri2019zero,
  AUTHOR = {Puri, Raul and Catanzaro, Bryan},
  URL = {https://arxiv.org/abs/1912.10165},
  DATE = {2019},
  JOURNALTITLE = {arXiv preprint arXiv:1912.10165},
  BOOKTITLE = {arXiv preprint arXiv:1912.10165},
  TITLE = {Zero-shot text classification with generative language models},
}

@ARTICLE{radford2018improving,
  AUTHOR = {Radford, Alec and Narasimhan, Karthik and Salimans, Tim and Sutskever, Ilya},
  DATE = {2018},
  TITLE = {Improving language understanding by generative pre-training},
}

@ARTICLE{radford2019language,
  AUTHOR = {Radford, Alec and Wu, Jeffrey and Child, Rewon and Luan, David and Amodei, Dario and Sutskever, Ilya},
  DATE = {2019},
  JOURNALTITLE = {OpenAI Blog},
  BOOKTITLE = {OpenAI Blog},
  NUMBER = {8},
  TITLE = {Language models are unsupervised multitask learners},
  VOLUME = {1},
}

@ARTICLE{raffel2019exploring,
  AUTHOR = {Raffel, Colin and Shazeer, Noam and Roberts, Adam and Lee, Katherine and Narang, Sharan and Matena, Michael and Zhou, Yanqi and Li, Wei and Liu, Peter J.},
  URL = {http://jmlr.org/papers/v21/20-074.html},
  DATE = {2020},
  JOURNALTITLE = {Journal of Machine Learning Research},
  BOOKTITLE = {Journal of Machine Learning Research},
  NUMBER = {140},
  PAGES = {1--67},
  TITLE = {Exploring the Limits of Transfer Learning with a Unified Text-to-Text Transformer},
  VOLUME = {21},
}

@ARTICLE{ramaswamy2020training,
  AUTHOR = {Ramaswamy, Swaroop and Thakkar, Om and Mathews, Rajiv and Andrew, Galen and McMahan, H Brendan and Beaufays, Françoise},
  DATE = {2020},
  JOURNALTITLE = {arXiv preprint arXiv:2009.10031},
  BOOKTITLE = {arXiv preprint arXiv:2009.10031},
  TITLE = {Training production language models without memorizing user data},
}

@ARTICLE{ramesh2022hierarchical,
  AUTHOR = {Ramesh, Aditya and Dhariwal, Prafulla and Nichol, Alex and Chu, Casey and Chen, Mark},
  DATE = {2022},
  JOURNALTITLE = {arXiv preprint arXiv:2204.06125},
  BOOKTITLE = {arXiv preprint arXiv:2204.06125},
  TITLE = {Hierarchical Text-Conditional Image Generation with CLIP latents},
}

@INPROCEEDINGS{rao-tetreault-2018-dear,
  AUTHOR = {Rao, Sudha and Tetreault, Joel},
  LOCATION = {New Orleans, Louisiana},
  PUBLISHER = {Association for Computational Linguistics},
  URL = {https://www.aclweb.org/anthology/N18-1012},
  BOOKTITLE = {Proceedings of the 2018 Conference of the North {A}merican Chapter of the Association for Computational Linguistics: Human Language Technologies, Volume 1 (Long Papers)},
  DATE = {2018-06},
  DOI = {10.18653/v1/N18-1012},
  PAGES = {129--140},
  TITLE = {Dear Sir or Madam, May {I} Introduce the {GYAFC} Dataset: Corpus, Benchmarks and Metrics for Formality Style Transfer},
}

@INPROCEEDINGS{recht2019imagenet,
  AUTHOR = {Recht, Benjamin and Roelofs, Rebecca and Schmidt, Ludwig and Shankar, Vaishaal},
  ORGANIZATION = {PMLR},
  BOOKTITLE = {International Conference on Machine Learning},
  DATE = {2019},
  PAGES = {5389--5400},
  TITLE = {Do imagenet classifiers generalize to imagenet?},
}

@INPROCEEDINGS{reif2021recipe,
  AUTHOR = {Reif, Emily and Ippolito, Daphne and Yuan, Ann and Coenen, Andy and Callison-Burch, Chris and Wei, Jason},
  BOOKTITLE = {Proceedings of the 60th Annual Meeting of the Association for Computational Linguistics},
  DATE = {2022},
  TITLE = {A Recipe for Arbitrary Text Style Transfer with Large Language Models},
}

@ARTICLE{reiter1997building,
  AUTHOR = {Reiter, Ehud and Dale, Robert},
  PUBLISHER = {Cambridge University Press},
  DATE = {1997},
  JOURNALTITLE = {Natural Language Engineering},
  BOOKTITLE = {Natural Language Engineering},
  NUMBER = {1},
  PAGES = {57--87},
  TITLE = {Building applied natural language generation systems},
  VOLUME = {3},
}

@MISC{reynolds2021prompt,
  AUTHOR = {Reynolds, Laria and McDonell, Kyle},
  DATE = {2021},
  EPRINT = {2102.07350},
  EPRINTCLASS = {cs.CL},
  EPRINTTYPE = {arXiv},
  TITLE = {Prompt Programming for Large Language Models: Beyond the Few-Shot Paradigm},
}

@ARTICLE{roberts2020exploring,
  AUTHOR = {Roberts, A and Raffel, C},
  URL = {https://ai.googleblog.com/2020/02/exploring-transfer-learning-with-t5.html},
  DATE = {2020},
  JOURNALTITLE = {Google AI Blog},
  BOOKTITLE = {Google AI Blog},
  TITLE = {Exploring Transfer Learning with T5: The Text-To-Text Transfer Transformer},
}

@ARTICLE{roemmele2021inspiration,
  AUTHOR = {Roemmele, Melissa},
  URL = {https://computationalcreativity.net/iccc21/wp-content/uploads/2021/09/ICCC_2021_paper_32.pdf},
  BOOKTITLE = {Proceedings of the 12th International Conference on Computational Creativity},
  DATE = {2021},
  PAGES = {52--461},
  TITLE = {Inspiration through Observation: Demonstrating the Influence of Automatically Generated Text on Creative Writing},
}

@INPROCEEDINGS{roemmele2015creative,
  AUTHOR = {Roemmele, Melissa and Gordon, Andrew S},
  ORGANIZATION = {Springer},
  BOOKTITLE = {International Conference on Interactive Digital Storytelling},
  DATE = {2015},
  PAGES = {81--92},
  TITLE = {Creative help: A story writing assistant},
}

@INCOLLECTION{nichols2020collaborative,
  AUTHOR = {Nichols, Eric and Gao, Leo and Gomez, Randy},
  BOOKTITLE = {Motion, Interaction and Games},
  DATE = {2020},
  PAGES = {1--10},
  TITLE = {Collaborative Storytelling with Large-scale Neural Language Models},
}

@ARTICLE{mirowski2022co,
  AUTHOR = {Mirowski, Piotr and Mathewson, Kory W and Pittman, Jaylen and Evans, Richard},
  DATE = {2022},
  JOURNALTITLE = {arXiv preprint arXiv:2209.14958},
  BOOKTITLE = {arXiv preprint arXiv:2209.14958},
  TITLE = {Co-Writing Screenplays and Theatre Scripts with Language Models: An Evaluation by Industry Professionals},
}

@INPROCEEDINGS{calderwood2020novelists,
  AUTHOR = {Calderwood, Alex and Qiu, Vivian and Gero, Katy Ilonka and Chilton, Lydia B},
  BOOKTITLE = {HAI-GEN+ user2agent@ IUI},
  DATE = {2020},
  TITLE = {How Novelists Use Generative Language Models: An Exploratory User Study},
}

@INPROCEEDINGS{lu2022fantastically,
  AUTHOR = {Lu, Yao and Bartolo, Max and Moore, Alastair and Riedel, Sebastian and Stenetorp, Pontus},
  BOOKTITLE = {Proceedings of the 60th Annual Meeting of the Association for Computational Linguistics (Volume 1: Long Papers)},
  DATE = {2022},
  PAGES = {8086--8098},
  TITLE = {Fantastically Ordered Prompts and Where to Find Them: Overcoming Few-Shot Prompt Order Sensitivity},
}

@inproceedings{webson2021prompt,
  title={Do Prompt-Based Models Really Understand the Meaning of Their Prompts?},
  author={Webson, Albert and Pavlick, Ellie},
  booktitle={Proceedings of the 2022 Conference of the North American Chapter of the Association for Computational Linguistics: Human Language Technologies},
  pages={2300--2344},
  year={2022}
}

@BOOK{nla.cat-vn4853059,
  AUTHOR = {Brainard, Joe},
  LANGUAGE = {English},
  PUBLISHER = {AEAF Station Arcade, S. Aust},
  DATE = {2010},
  TITLE = {I remember},
  TYPE = {Book},
}

@ARTICLE{huang2020recent,
  AUTHOR = {Huang, Zhen and Xu, Shiyi and Hu, Minghao and Wang, Xinyi and Qiu, Jinyan and Fu, Yongquan and Zhao, Yuncai and Peng, Yuxing and Wang, Changjian},
  PUBLISHER = {IEEE},
  DATE = {2020},
  JOURNALTITLE = {IEEE Access},
  BOOKTITLE = {IEEE Access},
  PAGES = {94341--94356},
  TITLE = {Recent trends in deep learning based open-domain textual question answering systems},
  VOLUME = {8},
}

@ARTICLE{li2021addressing,
  AUTHOR = {Li, Zekang and Zhang, Jinchao and Fei, Zhengcong and Feng, Yang and Zhou, Jie},
  DATE = {2021},
  JOURNALTITLE = {arXiv preprint arXiv:2106.02228},
  BOOKTITLE = {arXiv preprint arXiv:2106.02228},
  TITLE = {Addressing inquiries about history: An efficient and practical framework for evaluating open-domain chatbot consistency},
}

@MISC{sablayrolles2019whitebox,
  AUTHOR = {Sablayrolles, Alexandre and Douze, Matthijs and Ollivier, Yann and Schmid, Cordelia and Jégou, Hervé},
  DATE = {2019},
  EPRINT = {1908.11229},
  EPRINTCLASS = {stat.ML},
  EPRINTTYPE = {arXiv},
  TITLE = {White-box vs Black-box: Bayes Optimal Strategies for Membership Inference},
}

@INPROCEEDINGS{sakaguchi-van-durme-2018-efficient,
  AUTHOR = {Sakaguchi, Keisuke and Van Durme, Benjamin},
  LOCATION = {Melbourne, Australia},
  PUBLISHER = {Association for Computational Linguistics},
  URL = {https://www.aclweb.org/anthology/P18-1020},
  BOOKTITLE = {Proceedings of the 56th Annual Meeting of the Association for Computational Linguistics (Volume 1: Long Papers)},
  DATE = {2018-07},
  DOI = {10.18653/v1/P18-1020},
  PAGES = {208--218},
  TITLE = {Efficient Online Scalar Annotation with Bounded Support},
}

@INPROCEEDINGS{schick-schutze-2021-just,
  AUTHOR = {Schick, Timo and Schütze, Hinrich},
  LOCATION = {Online},
  PUBLISHER = {Association for Computational Linguistics},
  URL = {https://www.aclweb.org/anthology/2021.naacl-main.185},
  BOOKTITLE = {Proceedings of the 2021 Conference of the North American Chapter of the Association for Computational Linguistics: Human Language Technologies},
  DATE = {2021-06},
  PAGES = {2339--2352},
  TITLE = {It{'}s Not Just Size That Matters: Small Language Models Are Also Few-Shot Learners},
}

@ARTICLE{schuster2018cross,
  AUTHOR = {Schuster, Sebastian and Gupta, Sonal and Shah, Rushin and Lewis, Mike},
  DATE = {2018},
  JOURNALTITLE = {arXiv preprint arXiv:1810.13327},
  BOOKTITLE = {arXiv preprint arXiv:1810.13327},
  TITLE = {Cross-lingual Transfer Learning for Multilingual Task Oriented Dialog},
}

@ARTICLE{schuster2019we,
  AUTHOR = {Schuster, Tal and Schuster, Roei and Shah, Darsh J and Barzilay, Regina},
  DATE = {2019},
  JOURNALTITLE = {arXiv preprint arXiv:1908.09805},
  BOOKTITLE = {arXiv preprint arXiv:1908.09805},
  TITLE = {Are We Safe Yet? The Limitations of Distributional Features for Fake News Detection},
}

@ARTICLE{sandhaus2008new,
  AUTHOR = {Sandhaus, Evan},
  DATE = {2008},
  JOURNALTITLE = {Linguistic Data Consortium, Philadelphia},
  BOOKTITLE = {Linguistic Data Consortium, Philadelphia},
  NUMBER = {12},
  PAGES = {e26752},
  TITLE = {The new york times annotated corpus},
  VOLUME = {6},
}

@INPROCEEDINGS{song2015crowdtarget,
  AUTHOR = {Song, Jonghyuk and Lee, Sangho and Kim, Jong},
  ORGANIZATION = {ACM},
  BOOKTITLE = {Proceedings of the 22nd ACM SIGSAC Conference on Computer and Communications Security},
  DATE = {2015},
  PAGES = {793--804},
  TITLE = {Crowdtarget: Target-based detection of crowdturfing in online social networks},
}

@INPROCEEDINGS{sedoc2018chateval,
  AUTHOR = {Sedoc, João and Ippolito, Daphne and Kirubarajan, Arun and Thirani, Jai and Ungar, Lyle and Callison-Burch, Chris},
  PUBLISHER = {Association for Computational Linguistics},
  BOOKTITLE = {Proceedings of the Workshop on Intelligent Interactive Systems and Language Generation (2IS{\&}NLG)},
  DATE = {2018},
  PAGES = {42--44},
  TITLE = {ChatEval: A Tool for the Systematic Evaluation of Chatbots},
}

@INPROCEEDINGS{see2019massively,
  AUTHOR = {See, Abigail and Pappu, Aneesh and Saxena, Rohun and Yerukola, Akhila and Manning, Christopher D},
  BOOKTITLE = {Proceedings of the 23rd Conference on Computational Natural Language Learning (CoNLL)},
  DATE = {2019},
  PAGES = {843--861},
  TITLE = {Do Massively Pretrained Language Models Make Better Storytellers?},
}

@ARTICLE{sennrich2015neural,
  AUTHOR = {Sennrich, Rico and Haddow, Barry and Birch, Alexandra},
  DATE = {2015},
  JOURNALTITLE = {arXiv preprint arXiv:1508.07909},
  BOOKTITLE = {arXiv preprint arXiv:1508.07909},
  TITLE = {Neural machine translation of rare words with subword units},
}

@INPROCEEDINGS{sennrich2016neural,
  AUTHOR = {Sennrich, Rico and Haddow, Barry and Birch, Alexandra},
  LOCATION = {Berlin, Germany},
  PUBLISHER = {Association for Computational Linguistics},
  URL = {https://www.aclweb.org/anthology/P16-1162},
  BOOKTITLE = {Proceedings of the 54th Annual Meeting of the Association for Computational Linguistics (Volume 1: Long Papers)},
  DATE = {2016-08},
  DOI = {10.18653/v1/P16-1162},
  PAGES = {1715--1725},
  TITLE = {Neural Machine Translation of Rare Words with Subword Units},
}

@INPROCEEDINGS{serban2017hierarchical,
  AUTHOR = {Serban, Iulian Vlad and Sordoni, Alessandro and Lowe, Ryan and Charlin, Laurent and Pineau, Joelle and Courville, Aaron and Bengio, Yoshua},
  LOCATION = {San Francisco, California, USA},
  PUBLISHER = {AAAI Press},
  URL = {http://dl.acm.org/citation.cfm?id=3298023.3298047},
  BOOKTITLE = {Proceedings of the Thirty-First AAAI Conference on Artificial Intelligence},
  DATE = {2017},
  PAGES = {3295--3301},
  SERIES = {AAAI'17},
  TITLE = {A Hierarchical Latent Variable Encoder-decoder Model for Generating Dialogues},
}

@ARTICLE{sermanet2013overfeat,
  AUTHOR = {Sermanet, Pierre and Eigen, David and Zhang, Xiang and Mathieu, Michaël and Fergus, Rob and LeCun, Yann},
  DATE = {2013},
  JOURNALTITLE = {arXiv preprint arXiv:1312.6229},
  BOOKTITLE = {arXiv preprint arXiv:1312.6229},
  TITLE = {Overfeat: Integrated recognition, localization and detection using convolutional networks},
}

@ARTICLE{shaw2018self,
  AUTHOR = {Shaw, Peter and Uszkoreit, Jakob and Vaswani, Ashish},
  DATE = {2018},
  JOURNALTITLE = {arXiv preprint arXiv:1803.02155},
  BOOKTITLE = {arXiv preprint arXiv:1803.02155},
  TITLE = {Self-attention with relative position representations},
}

@INPROCEEDINGS{shazeer2018adafactor,
  AUTHOR = {Shazeer, Noam and Stern, Mitchell},
  ORGANIZATION = {PMLR},
  BOOKTITLE = {International Conference on Machine Learning},
  DATE = {2018},
  PAGES = {4596--4604},
  TITLE = {Adafactor: Adaptive learning rates with sublinear memory cost},
}

@ARTICLE{sheng2020towards,
  AUTHOR = {Sheng, Emily and Chang, Kai-Wei and Natarajan, Premkumar and Peng, Nanyun},
  DATE = {2020},
  JOURNALTITLE = {arXiv preprint arXiv:2005.00268},
  BOOKTITLE = {arXiv preprint arXiv:2005.00268},
  TITLE = {Towards controllable biases in language generation},
}

@ARTICLE{shoeybi2019megatron,
  AUTHOR = {Shoeybi, Mohammad and Patwary, Mostofa and Puri, Raul and LeGresley, Patrick and Casper, Jared and Catanzaro, Bryan},
  DATE = {2019},
  JOURNALTITLE = {arXiv preprint arXiv:1909.08053},
  BOOKTITLE = {arXiv preprint arXiv:1909.08053},
  TITLE = {Megatron-lm: Training multi-billion parameter language models using model parallelism},
}

@INPROCEEDINGS{shokri2017membership,
  AUTHOR = {Shokri, Reza and Stronati, Marco and Song, Congzheng and Shmatikov, Vitaly},
  ORGANIZATION = {IEEE},
  BOOKTITLE = {2017 IEEE Symposium on Security and Privacy (SP)},
  DATE = {2017},
  PAGES = {3--18},
  TITLE = {Membership inference attacks against machine learning models},
}

@ARTICLE{solaiman2019release,
  AUTHOR = {Solaiman, Irene and Brundage, Miles and Clark, Jack and Askell, Amanda and Herbert-Voss, Ariel and Wu, Jeff and Radford, Alec and Wang, Jasmine},
  DATE = {2019},
  JOURNALTITLE = {arXiv preprint arXiv:1908.09203},
  BOOKTITLE = {arXiv preprint arXiv:1908.09203},
  TITLE = {Release Strategies and the Social Impacts of Language Models},
}

@INPROCEEDINGS{song2017machine,
  AUTHOR = {Song, Congzheng and Ristenpart, Thomas and Shmatikov, Vitaly},
  BOOKTITLE = {ACM CCS},
  DATE = {2017},
  TITLE = {Machine Learning Models that Remember Too Much},
}

@ARTICLE{squire1992memory,
  AUTHOR = {Squire, Larry R},
  PUBLISHER = {American Psychological Association},
  DATE = {1992},
  JOURNALTITLE = {Psychological review},
  BOOKTITLE = {Psychological review},
  NUMBER = {2},
  PAGES = {195},
  TITLE = {Memory and the hippocampus: a synthesis from findings with rats, monkeys, and humans.},
  VOLUME = {99},
}

@ARTICLE{squire2009memory,
  AUTHOR = {Squire, Larry R},
  PUBLISHER = {Soc Neuroscience},
  DATE = {2009},
  JOURNALTITLE = {Journal of Neuroscience},
  BOOKTITLE = {Journal of Neuroscience},
  NUMBER = {41},
  PAGES = {12711--12716},
  TITLE = {Memory and brain systems: 1969--2009},
  VOLUME = {29},
}

@INPROCEEDINGS{stephenson2021geometry,
  AUTHOR = {Stephenson, Cory and Padhy, Suchismita and Ganesh, Abhinav and Hui, Yue and Tang, Hanlin and Chung, SueYeon},
  BOOKTITLE = {International Conference on Learning Representations},
  DATE = {2021},
  TITLE = {On the geometry of generalization and memorization in deep neural networks},
}

@MISC{strubell2019energy,
  AUTHOR = {Strubell, Emma and Ganesh, Ananya and McCallum, Andrew},
  DATE = {2019},
  EPRINT = {1906.02243},
  EPRINTCLASS = {cs.CL},
  EPRINTTYPE = {arXiv},
  TITLE = {Energy and Policy Considerations for Deep Learning in NLP},
}

@INPROCEEDINGS{style-transfer-as-paraphrase-2020,
  AUTHOR = {Krishna, Kalpesh and Wieting, John and Iyyer, Mohit},
  LOCATION = {Online},
  PUBLISHER = {Association for Computational Linguistics},
  URL = {https://www.aclweb.org/anthology/2020.emnlp-main.55},
  BOOKTITLE = {Proceedings of the 2020 Conference on Empirical Methods in Natural Language Processing (EMNLP)},
  DATE = {2020-11},
  DOI = {10.18653/v1/2020.emnlp-main.55},
  PAGES = {737--762},
  TITLE = {Reformulating Unsupervised Style Transfer as Paraphrase Generation},
}

@INPROCEEDINGS{sudhakar-etal-2019-transforming,
  AUTHOR = {Sudhakar, Akhilesh and Upadhyay, Bhargav and Maheswaran, Arjun},
  LOCATION = {Hong Kong, China},
  PUBLISHER = {Association for Computational Linguistics},
  URL = {https://www.aclweb.org/anthology/D19-1322},
  BOOKTITLE = {Proceedings of the 2019 Conference on Empirical Methods in Natural Language Processing and the 9th International Joint Conference on Natural Language Processing (EMNLP-IJCNLP)},
  DATE = {2019-11},
  DOI = {10.18653/v1/D19-1322},
  PAGES = {3269--3279},
  TITLE = {{``}{T}ransforming{''} Delete, Retrieve, Generate Approach for Controlled Text Style Transfer},
}

@ARTICLE{saharia2022photorealistic,
  AUTHOR = {Saharia, Chitwan and Chan, William and Saxena, Saurabh and Li, Lala and Whang, Jay and Denton, Emily and Ghasemipour, Seyed Kamyar Seyed and Ayan, Burcu Karagol and Mahdavi, S Sara and Lopes, Rapha Gontijo and others},
  DATE = {2022},
  JOURNALTITLE = {arXiv preprint arXiv:2205.11487},
  BOOKTITLE = {arXiv preprint arXiv:2205.11487},
  TITLE = {Photorealistic Text-to-Image Diffusion Models with Deep Language Understanding},
}

@INPROCEEDINGS{sanh2021multitask,
  AUTHOR = {Sanh, Victor and Webson, Albert and Raffel, Colin and Bach, Stephen and Sutawika, Lintang and Alyafeai, Zaid and Chaffin, Antoine and Stiegler, Arnaud and Raja, Arun and Dey, Manan and others},
  BOOKTITLE = {International Conference on Learning Representations},
  DATE = {2021},
  TITLE = {Multitask Prompted Training Enables Zero-Shot Task Generalization},
}

@ARTICLE{sundermeyer2014translation,
  AUTHOR = {Sundermeyer, Martin and Alkhouli, Tamer and Wuebker, Joern and Ney, Hermann},
  LOCATION = {Doha, Qatar},
  PUBLISHER = {Association for Computational Linguistics},
  URL = {https://www.aclweb.org/anthology/D14-1003},
  BOOKTITLE = {Proceedings of the 2014 Conference on Empirical Methods in Natural Language Processing ({EMNLP})},
  DATE = {2014-10},
  DOI = {10.3115/v1/D14-1003},
  PAGES = {14--25},
  TITLE = {Translation Modeling with Bidirectional Recurrent Neural Networks},
}

@INCOLLECTION{sutskever2014sequence,
  AUTHOR = {Sutskever, Ilya and Vinyals, Oriol and Le, Quoc V},
  EDITOR = {Ghahramani, Z. and Welling, M. and Cortes, C. and Lawrence, N. D. and Weinberger, K. Q.},
  PUBLISHER = {Curran Associates, Inc.},
  URL = {http://papers.nips.cc/paper/5346-sequence-to-sequence-learning-with-neural-networks.pdf},
  BOOKTITLE = {Advances in Neural Information Processing Systems 27},
  DATE = {2014},
  PAGES = {3104--3112},
  TITLE = {Sequence to Sequence Learning with Neural Networks},
}

@INPROCEEDINGS{tam2019clustered,
  AUTHOR = {Tam, Yik-Cheung and Ding, Jiachen and Niu, Cheng and Zhou, Jie},
  BOOKTITLE = {Dialog System Technology Challenges 7 at AAAI 2019},
  DATE = {2019},
  TITLE = {Cluster-based Beam Search for Pointer-Generator Chatbot Grounded by Knowledge},
}

@ARTICLE{tatsunori2019unifying,
  AUTHOR = {Hashimoto, Tatsunori B. and Zhang, Hugh and Liang, Percy},
  URL = {http://arxiv.org/abs/1904.02792},
  DATE = {2019},
  EPRINT = {1904.02792},
  EPRINTTYPE = {arXiv},
  JOURNALTITLE = {CoRR},
  BOOKTITLE = {CoRR},
  TITLE = {Unifying Human and Statistical Evaluation for Natural Language Generation},
  VOLUME = {abs/1904.02792},
}

@ARTICLE{taylor1953cloze,
  AUTHOR = {Taylor, Wilson L},
  PUBLISHER = {SAGE Publications Sage CA: Los Angeles, CA},
  DATE = {1953},
  JOURNALTITLE = {Journalism Bulletin},
  BOOKTITLE = {Journalism Bulletin},
  NUMBER = {4},
  PAGES = {415--433},
  TITLE = {“Cloze procedure”: A new tool for measuring readability},
  VOLUME = {30},
}

@INPROCEEDINGS{teterwak2021understanding,
  AUTHOR = {Teterwak, Piotr and Zhang, Chiyuan and Krishnan, Dilip and Mozer, Michael C},
  ORGANIZATION = {PMLR},
  BOOKTITLE = {International Conference on Machine Learning},
  DATE = {2021},
  PAGES = {10225--10235},
  TITLE = {Understanding invariance via feedforward inversion of discriminatively trained classifiers},
}

@MISC{thakkar2020understanding,
  AUTHOR = {Thakkar, Om and Ramaswamy, Swaroop and Mathews, Rajiv and Beaufays, Françoise},
  DATE = {2020},
  EPRINT = {2006.07490},
  EPRINTCLASS = {cs.LG},
  EPRINTTYPE = {arXiv},
  TITLE = {Understanding Unintended Memorization in Federated Learning},
}

@INPROCEEDINGS{thomas2020investigating,
  AUTHOR = {Thomas, Aleena and Adelani, David Ifeoluwa and Davody, Ali and Mogadala, Aditya and Klakow, Dietrich},
  ORGANIZATION = {Springer},
  BOOKTITLE = {International Conference on Text, Speech, and Dialogue},
  DATE = {2020},
  PAGES = {273--281},
  TITLE = {Investigating the impact of pre-trained word embeddings on memorization in neural networks},
}

@ARTICLE{thoppilan2022lamda,
  AUTHOR = {Thoppilan, Romal and De Freitas, Daniel and Hall, Jamie and Shazeer, Noam and Kulshreshtha, Apoorv and Cheng, Heng-Tze and Jin, Alicia and Bos, Taylor and Baker, Leslie and Du, Yu and others},
  DATE = {2022},
  JOURNALTITLE = {arXiv preprint arXiv:2201.08239},
  BOOKTITLE = {arXiv preprint arXiv:2201.08239},
  TITLE = {LaMDA: Language Models for Dialog Applications},
}

@INPROCEEDINGS{tiedemann2009news,
  AUTHOR = {Tiedemann, Jörg},
  BOOKTITLE = {Recent advances in natural language processing},
  DATE = {2009},
  PAGES = {237--248},
  TITLE = {News from OPUS-A collection of multilingual parallel corpora with tools and interfaces},
  VOLUME = {5},
}

@ARTICLE{toneva2018empirical,
  AUTHOR = {Toneva, Mariya and Sordoni, Alessandro and Combes, Remi Tachet des and Trischler, Adam and Bengio, Yoshua and Gordon, Geoffrey J},
  DATE = {2018},
  JOURNALTITLE = {arXiv preprint arXiv:1812.05159},
  BOOKTITLE = {arXiv preprint arXiv:1812.05159},
  TITLE = {An empirical study of example forgetting during deep neural network learning},
}

@ARTICLE{trinh2018simple,
  AUTHOR = {Trinh, Trieu H and Le, Quoc V},
  DATE = {2018},
  JOURNALTITLE = {arXiv preprint arXiv:1806.02847},
  BOOKTITLE = {arXiv preprint arXiv:1806.02847},
  TITLE = {A simple method for commonsense reasoning},
}

@BOOK{tulving1983elements,
  AUTHOR = {Tulving, Endel},
  PUBLISHER = {Oxford University Press},
  DATE = {1983},
  ISBN = {9780198521259},
  TITLE = {Elements of episodic memory},
}

@ARTICLE{turing1950computing,
  AUTHOR = {Turing, Alan},
  DATE = {1950},
  JOURNALTITLE = {Mind},
  BOOKTITLE = {Mind},
  NUMBER = {236},
  PAGES = {433},
  TITLE = {Computing machinery and intelligence-AM Turing},
  VOLUME = {59},
}

@INPROCEEDINGS{van2019best,
  AUTHOR = {van der Lee, Chris and Gatt, Albert and van Miltenburg, Emiel and Wubben, Sander and Krahmer, Emiel},
  BOOKTITLE = {Proceedings of the 12th International Conference on Natural Language Generation},
  DATE = {2019},
  PAGES = {355--368},
  TITLE = {Best practices for the human evaluation of automatically generated text},
}

@ARTICLE{vargo2018agenda,
  AUTHOR = {Vargo, Chris J and Guo, Lei and Amazeen, Michelle A},
  PUBLISHER = {SAGE Publications Sage UK: London, England},
  DATE = {2018},
  JOURNALTITLE = {New media \& society},
  BOOKTITLE = {New media \& society},
  NUMBER = {5},
  PAGES = {2028--2049},
  TITLE = {The agenda-setting power of fake news: A big data analysis of the online media landscape from 2014 to 2016},
  VOLUME = {20},
}

@INPROCEEDINGS{vaswani2017attention,
  AUTHOR = {Vaswani, Ashish and Shazeer, Noam and Parmar, Niki and Uszkoreit, Jakob and Jones, Llion and Gomez, Aidan N and Kaiser, {Ł}ukasz and Polosukhin, Illia},
  BOOKTITLE = {Advances in neural information processing systems},
  DATE = {2017},
  PAGES = {5998--6008},
  TITLE = {Attention is all you need},
}

@INPROCEEDINGS{vedantam2015cider,
  AUTHOR = {Vedantam, Ramakrishna and Zitnick, C. Lawrence and Parikh, Devi},
  URL = {https://www.cv-foundation.org/openaccess/content_cvpr_2015/papers/Vedantam_CIDEr_Consensus-Based_Image_2015_CVPR_paper.pdf},
  DATE = {2015},
  JOURNALTITLE = {2015 IEEE Conference on Computer Vision and Pattern Recognition},
  BOOKTITLE = {2015 IEEE Conference on Computer Vision and Pattern Recognition},
  PAGES = {4566--4575},
  TITLE = {CIDEr: Consensus-based image description evaluation},
}

@INPROCEEDINGS{venugopal2011watermarking,
  AUTHOR = {Venugopal, Ashish and Uszkoreit, Jakob and Talbot, David and Och, Franz Josef and Ganitkevitch, Juri},
  BOOKTITLE = {Proceedings of the 2011 Conference on Empirical Methods in Natural Language Processing},
  DATE = {2011},
  PAGES = {1363--1372},
  TITLE = {Watermarking the outputs of structured prediction with an application in statistical machine translation.},
}

@INPROCEEDINGS{versley2012not,
  AUTHOR = {Versley, Yannick and Panchenko, Yana},
  BOOKTITLE = {Proceedings of the seventh Web as Corpus Workshop (WAC7)},
  DATE = {2012},
  PAGES = {44--52},
  TITLE = {Not just bigger: Towards better-quality Web corpora},
}

@INPROCEEDINGS{vijayakumar2016diverse,
  AUTHOR = {Vijayakumar, Ashwin K and Cogswell, Michael and Selvaraju, Ramprasath R and Sun, Qing and Lee, Stefan and Crandall, David and Batra, Dhruv},
  DATE = {2016},
  JOURNALTITLE = {arXiv preprint arXiv:1610.02424},
  BOOKTITLE = {arXiv preprint arXiv:1610.02424},
  TITLE = {Diverse Beam Search: Decoding Diverse Solutions from Neural Sequence Models},
}

@ARTICLE{vinyals2015neural,
  AUTHOR = {Vinyals, Oriol and Le, Quoc},
  DATE = {2015},
  JOURNALTITLE = {arXiv preprint arXiv:1506.05869},
  BOOKTITLE = {arXiv preprint arXiv:1506.05869},
  TITLE = {A Neural Conversational Model},
}

@INPROCEEDINGS{vinyals2015show,
  AUTHOR = {Vinyals, Oriol and Toshev, Alexander and Bengio, Samy and Erhan, Dumitru},
  BOOKTITLE = {The IEEE Conference on Computer Vision and Pattern Recognition (CVPR)},
  DATE = {2015-06},
  TITLE = {Show and Tell: A Neural Image Caption Generator},
}

@ARTICLE{vosoughi2018spread,
  AUTHOR = {Vosoughi, Soroush and Roy, Deb and Aral, Sinan},
  PUBLISHER = {American Association for the Advancement of Science},
  DATE = {2018},
  JOURNALTITLE = {Science},
  BOOKTITLE = {Science},
  NUMBER = {6380},
  PAGES = {1146--1151},
  TITLE = {The spread of true and false news online},
  VOLUME = {359},
}

@ARTICLE{wallace2019universal,
  AUTHOR = {Wallace, Eric and Feng, Shi and Kandpal, Nikhil and Gardner, Matt and Singh, Sameer},
  DATE = {2019},
  JOURNALTITLE = {arXiv preprint arXiv:1908.07125},
  BOOKTITLE = {arXiv preprint arXiv:1908.07125},
  TITLE = {Universal adversarial triggers for attacking and analyzing NLP},
}

@INPROCEEDINGS{wang2012serf,
  AUTHOR = {Wang, Gang and Wilson, Christo and Zhao, Xiaohan and Zhu, Yibo and Mohanlal, Manish and Zheng, Haitao and Zhao, Ben Y},
  ORGANIZATION = {ACM},
  BOOKTITLE = {Proceedings of the 21st international conference on World Wide Web},
  DATE = {2012},
  PAGES = {679--688},
  TITLE = {Serf and turf: crowdturfing for fun and profit},
}

@ARTICLE{wang2019controllable,
  AUTHOR = {Wang, Ke and Hua, Hang and Wan, Xiaojun},
  DATE = {2019},
  JOURNALTITLE = {arXiv preprint arXiv:1905.12926},
  BOOKTITLE = {arXiv preprint arXiv:1905.12926},
  TITLE = {Controllable unsupervised text attribute transfer via editing entangled latent representation},
}

@INPROCEEDINGS{wang2019harnessing,
  AUTHOR = {Wang, Yunli and Wu, Yu and Mou, Lili and Li, Zhoujun and Chao, Wenhan},
  BOOKTITLE = {Proceedings of the 2019 Conference on Empirical Methods in Natural Language Processing and the 9th International Joint Conference on Natural Language Processing (EMNLP-IJCNLP)},
  DATE = {2019},
  PAGES = {3564--3569},
  TITLE = {Harnessing pre-trained neural networks with rules for formality style transfer},
}

@INPROCEEDINGS{wei2021finetuned,
  AUTHOR = {Wei, Jason and Bosma, Maarten and Zhao, Vincent and Guu, Kelvin and Yu, Adams Wei and Lester, Brian and Du, Nan and Dai, Andrew M and Le, Quoc V},
  BOOKTITLE = {International Conference on Learning Representations},
  DATE = {2021},
  TITLE = {Finetuned Language Models are Zero-Shot Learners},
}

@ARTICLE{weidinger2021ethical,
  AUTHOR = {Weidinger, Laura and Mellor, John and Rauh, Maribeth and Griffin, Conor and Uesato, Jonathan and Huang, Po-Sen and Cheng, Myra and Glaese, Mia and Balle, Borja and Kasirzadeh, Atoosa and Kenton, Zac and Brown, Sasha and Hawkins, Will and Stepleton, Tom and Biles, Courtney and Birhane, Abeba and Haas, Julia and Rimell, Laura and Hendricks, Lisa Anne and Isaac, William and Legassick, Sean and Irving, Geoffrey and Gabriel, Iason},
  DATE = {2021},
  JOURNALTITLE = {arXiv preprint arXiv:2112.04359},
  BOOKTITLE = {arXiv preprint arXiv:2112.04359},
  TITLE = {Ethical and social risks of harm from Language Models},
}

@INPROCEEDINGS{weiner1973linear,
  AUTHOR = {Weiner, Peter},
  ORGANIZATION = {IEEE},
  BOOKTITLE = {14th Annual Symposium on Switching and Automata Theory (swat 1973)},
  DATE = {1973},
  PAGES = {1--11},
  TITLE = {Linear pattern matching algorithms},
}

@INPROCEEDINGS{weller-etal-2020-learning,
  AUTHOR = {Weller, Orion and Lourie, Nicholas and Gardner, Matt and Peters, Matthew E.},
  LOCATION = {Online},
  PUBLISHER = {Association for Computational Linguistics},
  URL = {https://www.aclweb.org/anthology/2020.emnlp-main.105},
  BOOKTITLE = {Proceedings of the 2020 Conference on Empirical Methods in Natural Language Processing (EMNLP)},
  DATE = {2020-11},
  DOI = {10.18653/v1/2020.emnlp-main.105},
  PAGES = {1361--1375},
  TITLE = {Learning from Task Descriptions},
}

@INPROCEEDINGS{wolf-etal-2020-transformers,
  AUTHOR = {Wolf, Thomas and Debut, Lysandre and Sanh, Victor and Chaumond, Julien and Delangue, Clement and Moi, Anthony and Cistac, Pierric and Rault, Tim and Louf, Rémi and Funtowicz, Morgan and Davison, Joe and Shleifer, Sam and von Platen, Patrick and Ma, Clara and Jernite, Yacine and Plu, Julien and Xu, Canwen and Scao, Teven Le and Gugger, Sylvain and Drame, Mariama and Lhoest, Quentin and Rush, Alexander M.},
  LOCATION = {Online},
  PUBLISHER = {Association for Computational Linguistics},
  URL = {https://www.aclweb.org/anthology/2020.emnlp-demos.6},
  BOOKTITLE = {Proceedings of the 2020 Conference on Empirical Methods in Natural Language Processing: System Demonstrations},
  DATE = {2020-10},
  PAGES = {38--45},
  TITLE = {Transformers: State-of-the-Art Natural Language Processing},
}

@ARTICLE{wordcraft,
  AUTHOR = {Coenen, Andy and Davis, Luke and Ippolito, Daphne and Yuan, Ann and Reif, Emily},
  JOURNALTITLE = {Proceedings of the First Workshop on Bridging Human–Computer Interaction and Natural Language Processing},
  BOOKTITLE = {Proceedings of the First Workshop on Bridging Human–Computer Interaction and Natural Language Processing},
  DATE = {2021},
  TITLE = {Wordcraft: a Human-AI Collaborative Editor for Story Writing},
}

@ARTICLE{wu2016google,
  AUTHOR = {Wu, Yonghui and Schuster, Mike and Chen, Zhifeng and Le, Quoc V and Norouzi, Mohammad and Macherey, Wolfgang and Krikun, Maxim and Cao, Yuan and Gao, Qin and Macherey, Klaus and others},
  DATE = {2016},
  JOURNALTITLE = {arXiv preprint arXiv:1609.08144},
  BOOKTITLE = {arXiv preprint arXiv:1609.08144},
  TITLE = {Google's neural machine translation system: Bridging the gap between human and machine translation},
}

@ARTICLE{wu2018smart,
  AUTHOR = {Wu, Yonghui},
  DATE = {2018},
  JOURNALTITLE = {Google AI Blog},
  BOOKTITLE = {Google AI Blog},
  TITLE = {Smart compose: Using neural networks to help write emails},
}

@INPROCEEDINGS{xu-etal-2018-unpaired,
  AUTHOR = {Xu, Jingjing and Sun, Xu and Zeng, Qi and Zhang, Xiaodong and Ren, Xuancheng and Wang, Houfeng and Li, Wenjie},
  LOCATION = {Melbourne, Australia},
  PUBLISHER = {Association for Computational Linguistics},
  URL = {https://www.aclweb.org/anthology/P18-1090},
  BOOKTITLE = {Proceedings of the 56th Annual Meeting of the Association for Computational Linguistics (Volume 1: Long Papers)},
  DATE = {2018-07},
  DOI = {10.18653/v1/P18-1090},
  PAGES = {979--988},
  TITLE = {Unpaired Sentiment-to-Sentiment Translation: A Cycled Reinforcement Learning Approach},
}

@INPROCEEDINGS{xu2018diversity,
  AUTHOR = {Xu, Jingjing and Ren, Xuancheng and Lin, Junyang and Sun, Xu},
  URL = {https://www.aclweb.org/anthology/D18-1428},
  BOOKTITLE = {Proceedings of the 2018 Conference on Empirical Methods in Natural Language Processing},
  DATE = {2018},
  PAGES = {3940--3949},
  TITLE = {Diversity-Promoting GAN: A Cross-Entropy Based Generative Adversarial Network for Diversified Text Generation},
}

@ARTICLE{xue2020mt5,
  AUTHOR = {Xue, Linting and Constant, Noah and Roberts, Adam and Kale, Mihir and Al-Rfou, Rami and Siddhant, Aditya and Barua, Aditya and Raffel, Colin},
  DATE = {2020},
  JOURNALTITLE = {arXiv preprint arXiv:2010.11934},
  BOOKTITLE = {arXiv preprint arXiv:2010.11934},
  TITLE = {mT5: A massively multilingual pre-trained text-to-text transformer},
}

@ARTICLE{yamamoto2001using,
  AUTHOR = {Yamamoto, Mikio and Church, Kenneth W},
  PUBLISHER = {MIT Press},
  DATE = {2001},
  JOURNALTITLE = {Computational Linguistics},
  BOOKTITLE = {Computational Linguistics},
  NUMBER = {1},
  PAGES = {1--30},
  TITLE = {Using suffix arrays to compute term frequency and document frequency for all substrings in a corpus},
  VOLUME = {27},
}

@ARTICLE{yang2017neuralmachine,
  AUTHOR = {Yang, Zichao and Hu, Zhiting and Deng, Yuntian and Dyer, Chris and Smola, Alex},
  LOCATION = {Valencia, Spain},
  PUBLISHER = {Association for Computational Linguistics},
  URL = {https://www.aclweb.org/anthology/E17-2061},
  BOOKTITLE = {Proceedings of the 15th Conference of the {E}uropean Chapter of the Association for Computational Linguistics: Volume 2, Short Papers},
  DATE = {2017-04},
  PAGES = {383--387},
  TITLE = {Neural Machine Translation with Recurrent Attention Modeling},
}

@INPROCEEDINGS{yeom2018privacy,
  AUTHOR = {Yeom, Samuel and Giacomelli, Irene and Fredrikson, Matt and Jha, Somesh},
  ORGANIZATION = {IEEE},
  BOOKTITLE = {2018 IEEE 31st Computer Security Foundations Symposium (CSF)},
  DATE = {2018},
  PAGES = {268--282},
  TITLE = {Privacy risk in machine learning: Analyzing the connection to overfitting},
}

@INPROCEEDINGS{yuan2022wordcraft,
  AUTHOR = {Yuan, Ann and Coenen, Andy and Reif, Emily and Ippolito, Daphne},
  BOOKTITLE = {27th International Conference on Intelligent User Interfaces},
  DATE = {2022},
  PAGES = {841--852},
  TITLE = {Wordcraft: Story Writing With Large Language Models},
}

@ARTICLE{zanella_b_guelin_2020,
  AUTHOR = {Zanella-Béguelin, Santiago and Wutschitz, Lukas and Tople, Shruti and Rühle, Victor and Paverd, Andrew and Ohrimenko, Olga and Köpf, Boris and Brockschmidt, Marc},
  PUBLISHER = {ACM},
  URL = {http://dx.doi.org/10.1145/3372297.3417880},
  DATE = {2020-10},
  DOI = {10.1145/3372297.3417880},
  ISBN = {9781450370899},
  JOURNALTITLE = {Proceedings of the 2020 ACM SIGSAC Conference on Computer and Communications Security},
  BOOKTITLE = {Proceedings of the 2020 ACM SIGSAC Conference on Computer and Communications Security},
  TITLE = {Analyzing Information Leakage of Updates to Natural Language Models},
}

@INPROCEEDINGS{zellers2019defending,
  AUTHOR = {Zellers, Rowan and Holtzman, Ari and Rashkin, Hannah and Bisk, Yonatan and Farhadi, Ali and Roesner, Franziska and Choi, Yejin},
  BOOKTITLE = {Advances in Neural Information Processing Systems},
  DATE = {2019},
  TITLE = {Defending against Neural Fake News},
}

@ARTICLE{zeng2020style,
  AUTHOR = {Zeng, Kuo-Hao and Shoeybi, Mohammad and Liu, Ming-Yu},
  DATE = {2020},
  JOURNALTITLE = {arXiv preprint arXiv:2003.00674},
  BOOKTITLE = {arXiv preprint arXiv:2003.00674},
  TITLE = {Style example-guided text generation using generative adversarial transformers},
}

@ARTICLE{zeng2021pangualpha,
  AUTHOR = {Zeng, Wei and Ren, Xiaozhe and Su, Teng and Wang, Hui and Liao, Yi and Wang, Zhiwei and Jiang, Xin and Yang, ZhenZhang and Wang, Kaisheng and Zhang, Xiaoda and Li, Chen and Gong, Ziyan and Yao, Yifan and Huang, Xinjing and Wang, Jun and Yu, Jianfeng and Guo, Qi and Yu, Yue and Zhang, Yan and Wang, Jin and Tao, Hengtao and Yan, Dasen and Yi, Zexuan and Peng, Fang and Jiang, Fangqing and Zhang, Han and Deng, Lingfeng and Zhang, Yehong and Lin, Zhe and Zhang, Chao and Zhang, Shaojie and Guo, Mingyue and Gu, Shanzhi and Fan, Gaojun and Wang, Yaowei and Jin, Xuefeng and Liu, Qun and Tian, Yonghong},
  DATE = {2021},
  JOURNALTITLE = {arXiv preprint arXiv:2104.12369},
  BOOKTITLE = {arXiv preprint arXiv:2104.12369},
  TITLE = {PanGu-$\alpha$: Large-scale Autoregressive Pretrained Chinese Language Models with Auto-parallel Computation},
}

@INPROCEEDINGS{zhang2017understanding,
  AUTHOR = {Zhang, Chiyuan and Bengio, Samy and Hardt, Moritz and Recht, Benjamin and Vinyals, Oriol},
  BOOKTITLE = {International Conference on Learning Representations (ICLR)},
  DATE = {2017},
  TITLE = {Understanding deep learning requires rethinking generalization},
}

@INPROCEEDINGS{zhang2021trading,
  AUTHOR = {Zhang, Hugh and Duckworth, Daniel and Ippolito, Daphne and Neelakantan, Arvind},
  BOOKTITLE = {Proceedings of the Workshop on Human Evaluation of NLP Systems (HumEval)},
  DATE = {2021},
  PAGES = {25--33},
  TITLE = {Trading Off Diversity and Quality in Natural Language Generation},
}

@ARTICLE{hutchins2022block,
  AUTHOR = {Hutchins, DeLesley and Schlag, Imanol and Wu, Yuhuai and Dyer, Ethan and Neyshabur, Behnam},
  DATE = {2022},
  JOURNALTITLE = {arXiv preprint arXiv:2203.07852},
  BOOKTITLE = {arXiv preprint arXiv:2203.07852},
  TITLE = {Block-recurrent transformers},
}

@ARTICLE{beltagy2020longformer,
  AUTHOR = {Beltagy, Iz and Peters, Matthew E and Cohan, Arman},
  DATE = {2020},
  JOURNALTITLE = {arXiv preprint arXiv:2004.05150},
  BOOKTITLE = {arXiv preprint arXiv:2004.05150},
  TITLE = {Longformer: The long-document transformer},
}

@ARTICLE{hawthorne2022general,
  AUTHOR = {Hawthorne, Curtis and Jaegle, Andrew and Cangea, Cătălina and Borgeaud, Sebastian and Nash, Charlie and Malinowski, Mateusz and Dieleman, Sander and Vinyals, Oriol and Botvinick, Matthew and Simon, Ian and others},
  DATE = {2022},
  JOURNALTITLE = {arXiv preprint arXiv:2202.07765},
  BOOKTITLE = {arXiv preprint arXiv:2202.07765},
  TITLE = {General-purpose, long-context autoregressive modeling with Perceiver AR},
}

@ARTICLE{zhang2022opt,
  AUTHOR = {Zhang, Susan and Roller, Stephen and Goyal, Naman and Artetxe, Mikel and Chen, Moya and Chen, Shuohui and Dewan, Christopher and Diab, Mona and Li, Xian and Lin, Xi Victoria and others},
  DATE = {2022},
  JOURNALTITLE = {arXiv preprint arXiv:2205.01068},
  BOOKTITLE = {arXiv preprint arXiv:2205.01068},
  TITLE = {OPT: Open Pre-trained Transformer Language Models},
}

@INPROCEEDINGS{zhang2018generating,
  AUTHOR = {Zhang, Yizhe and Galley, Michel and Gao, Jianfeng and Gan, Zhe and Li, Xiujun and Brockett, Chris and Dolan, Bill},
  URL = {https://papers.nips.cc/paper/7452-generating-informative-and-diverse-conversational-responses-via-adversarial-information-maximization.pdf},
  BOOKTITLE = {Advances in Neural Information Processing Systems},
  DATE = {2018},
  PAGES = {1815--1825},
  TITLE = {Generating informative and diverse conversational responses via adversarial information maximization},
}

@INPROCEEDINGS{zhang2019bertscore,
  AUTHOR = {Zhang, Tianyi and Kishore, Varsha and Wu*, Felix and Weinberger, Kilian Q. and Artzi, Yoav},
  URL = {https://openreview.net/forum?id=SkeHuCVFDr},
  BOOKTITLE = {International Conference on Learning Representations},
  DATE = {2020},
  TITLE = {BERTScore: Evaluating Text Generation with BERT},
}

@ARTICLE{zhang2021counterfactual,
  AUTHOR = {Zhang, Chiyuan and Ippolito, Daphne and Lee, Katherine and Jagielski, Matthew and Tramèr, Florian and Carlini, Nicholas},
  DATE = {2021},
  JOURNALTITLE = {arXiv preprint arXiv:2112.12938},
  BOOKTITLE = {arXiv preprint arXiv:2112.12938},
  TITLE = {Counterfactual Memorization in Neural Language Models},
}

@ARTICLE{zhangcharacterlevelconvolutionalnetworks2015,
  AUTHOR = {Zhang, Xiang and Zhao, Junbo and LeCun, Yann},
  DATE = {2015-09},
  EPRINT = {1509.01626},
  EPRINTCLASS = {cs},
  EPRINTTYPE = {arxiv},
  JOURNALTITLE = {Proceedings of the Conference on Neural Information Processing Systems},
  BOOKTITLE = {Proceedings of the Conference on Neural Information Processing Systems},
  TITLE = {Character-Level Convolutional Networks for Text Classification},
}

@ARTICLE{zhao2018bias,
  AUTHOR = {Zhao, Shengjia and Ren, Hongyu and Yuan, Arianna and Song, Jiaming and Goodman, Noah and Ermon, Stefano},
  DATE = {2018},
  JOURNALTITLE = {arXiv preprint arXiv:1811.03259},
  BOOKTITLE = {arXiv preprint arXiv:1811.03259},
  TITLE = {Bias and generalization in deep generative models: An empirical study},
}

@MISC{zhao2021calibrate,
  AUTHOR = {Zhao, Tony Z. and Wallace, Eric and Feng, Shi and Klein, Dan and Singh, Sameer},
  DATE = {2021},
  EPRINT = {2102.09690},
  EPRINTCLASS = {cs.CL},
  EPRINTTYPE = {arXiv},
  TITLE = {Calibrate Before Use: Improving Few-Shot Performance of Language Models},
}

@INPROCEEDINGS{zhu-etal-2010-monolingual,
  AUTHOR = {Zhu, Zhemin and Bernhard, Delphine and Gurevych, Iryna},
  LOCATION = {Beijing, China},
  PUBLISHER = {Coling 2010 Organizing Committee},
  URL = {https://www.aclweb.org/anthology/C10-1152},
  BOOKTITLE = {Proceedings of the 23rd International Conference on Computational Linguistics (COLING 2010)},
  DATE = {2010-08},
  PAGES = {1353--1361},
  TITLE = {A Monolingual Tree-based Translation Model for Sentence Simplification},
}

@INPROCEEDINGS{zhu2015aligning,
  AUTHOR = {Zhu, Yukun and Kiros, Ryan and Zemel, Rich and Salakhutdinov, Ruslan and Urtasun, Raquel and Torralba, Antonio and Fidler, Sanja},
  BOOKTITLE = {Proceedings of the IEEE international conference on computer vision},
  DATE = {2015},
  PAGES = {19--27},
  TITLE = {Aligning books and movies: Towards story-like visual explanations by watching movies and reading books},
}

@ARTICLE{zhu2019text,
  AUTHOR = {Zhu, Wanrong and Hu, Zhiting and Xing, Eric},
  DATE = {2019},
  JOURNALTITLE = {arXiv preprint arXiv:1901.00158},
  BOOKTITLE = {arXiv preprint arXiv:1901.00158},
  TITLE = {Text infilling},
}

@MISC{ziegler2021copilot,
  AUTHOR = {Ziegler, Albert},
  DATE = {2021},
  HOWPUBLISHED = {https://docs.github.com/en/github/copilot/research-recitation},
  TITLE = {{GitHub} {Copilot}: Parrot or Crow?},
}

