
@InProceedings{	  10.1145/3442188.3445922,
  author	= {Bender, Emily M. and Gebru, Timnit and McMillan-Major,
		  Angelina and Shmitchell, Shmargaret},
  title		= {On the Dangers of Stochastic Parrots: Can Language Models
		  Be Too Big?},
  year		= {2021},
  isbn		= {9781450383097},
  publisher	= {Association for Computing Machinery},
  address	= {New York, NY, USA},
  url		= {https://doi.org/10.1145/3442188.3445922},
  doi		= {10.1145/3442188.3445922},
  booktitle	= {Proceedings of the 2021 ACM Conference on Fairness,
		  Accountability, and Transparency},
  pages		= {610–623},
  numpages	= {14},
  location	= {Virtual Event, Canada},
  series	= {FAccT '21}
}

@Article{	  10.1145/3449139,
  author	= {Liu, Ruibo and Jia, Chenyan and Vosoughi, Soroush},
  title		= {A Transformer-Based Framework for Neutralizing and
		  Reversing the Political Polarity of News Articles},
  year		= {2021},
  issue_date	= {April 2021},
  publisher	= {Association for Computing Machinery},
  address	= {New York, NY, USA},
  volume	= {5},
  number	= {CSCW1},
  url		= {https://doi.org/10.1145/3449139},
  doi		= {10.1145/3449139},
  journal	= {Proc. ACM Hum.-Comput. Interact.},
  month		= apr,
  articleno	= {65},
  numpages	= {26},
  keywords	= {journalism, selective exposure, transformer-based models,
		  neural networks, echo chamber, automatic polarity transfer,
		  political polarization}
}

@InProceedings{	  8953411,
  author	= {Webster, Ryan and Rabin, Julien and Simon, Loïc and
		  Jurie, Frédéric},
  booktitle	= {2019 IEEE/CVF Conference on Computer Vision and Pattern
		  Recognition (CVPR)},
  title		= {Detecting Overfitting of Deep Generative Networks via
		  Latent Recovery},
  year		= {2019},
  volume	= {},
  number	= {},
  pages		= {11265-11274},
  doi		= {10.1109/CVPR.2019.01153}
}

@InProceedings{	  aaai1817015,
  author	= {Zhenxin Fu and Xiaoye Tan and Nanyun Peng and Dongyan Zhao
		  and Rui Yan},
  title		= {Style Transfer in Text: Exploration and Evaluation},
  booktitle	= {Proceedings of the AAAI Conference on Artificial
		  Intelligence},
  year		= {2018},
  keywords	= {},
  url		= {https://www.aaai.org/ocs/index.php/AAAI/AAAI18/paper/view/17015}
}

@InProceedings{	  adelani2020generating,
  title		= {Generating sentiment-preserving fake online reviews using
		  neural language models and their human-and machine-based
		  detection},
  author	= {Adelani, David Ifeoluwa and Mai, Haotian and Fang, Fuming
		  and Nguyen, Huy H and Yamagishi, Junichi and Echizen,
		  Isao},
  booktitle	= {International Conference on Advanced Information
		  Networking and Applications},
  pages		= {1341--1354},
  year		= {2020},
  organization	= {Springer}
}

@Article{	  akoury2020storium,
  title		= {STORIUM: A Dataset and Evaluation Platform for
		  Machine-in-the-Loop Story Generation},
  author	= {Akoury, Nader and Wang, Shufan and Whiting, Josh and Hood,
		  Stephen and Peng, Nanyun and Iyyer, Mohit},
  journal	= {arXiv preprint arXiv:2010.01717},
  year		= {2020}
}

@InProceedings{	  allamanis2019adverse,
  title		= {The adverse effects of code duplication in machine
		  learning models of code},
  author	= {Allamanis, Miltiadis},
  booktitle	= {Proceedings of the 2019 ACM SIGPLAN International
		  Symposium on New Ideas, New Paradigms, and Reflections on
		  Programming and Software},
  pages		= {143--153},
  year		= {2019}
}

@Article{	  allcott2017social,
  title		= {Social media and fake news in the 2016 election},
  author	= {Allcott, Hunt and Gentzkow, Matthew},
  journal	= {Journal of economic perspectives},
  volume	= {31},
  number	= {2},
  pages		= {211--36},
  year		= {2017}
}

@InProceedings{	  anderson2016spice,
  title		= {SPICE: Semantic Propositional Image Caption Evaluation},
  author	= {Peter Anderson and Basura Fernando and Mark Johnson and
		  Stephen Gould},
  booktitle	= {European Conference on Computer Vision},
  year		= {2016},
  url		= {https://arxiv.org/abs/1607.08822}
}

@InProceedings{	  anderson2018bottom,
  title		= {Bottom-up and top-down attention for image captioning and
		  visual question answering},
  author	= {Anderson, Peter and He, Xiaodong and Buehler, Chris and
		  Teney, Damien and Johnson, Mark and Gould, Stephen and
		  Zhang, Lei},
  booktitle	= {Proceedings of the IEEE Conference on Computer Vision and
		  Pattern Recognition},
  pages		= {6077--6086},
  year		= {2018},
  url		= {http://openaccess.thecvf.com/content_cvpr_2018/CameraReady/1163.pdf}
}

@InProceedings{	  arpit2017closer,
  title		= {A closer look at memorization in deep networks},
  author	= {Arpit, Devansh and Jastrz{\k{e}}bski, Stanis{\l}aw and
		  Ballas, Nicolas and Krueger, David and Bengio, Emmanuel and
		  Kanwal, Maxinder S and Maharaj, Tegan and Fischer, Asja and
		  Courville, Aaron and Bengio, Yoshua and others},
  booktitle	= {International Conference on Machine Learning},
  pages		= {233--242},
  year		= {2017},
  organization	= {PMLR}
}

@Article{	  austin2021program,
  title		= {Program synthesis with large language models},
  author	= {Austin, Jacob and Odena, Augustus and Nye, Maxwell and
		  Bosma, Maarten and Michalewski, Henryk and Dohan, David and
		  Jiang, Ellen and Cai, Carrie and Terry, Michael and Le,
		  Quoc and others},
  journal	= {arXiv preprint arXiv:2108.07732},
  year		= {2021}
}

@Article{	  bahdanau2014neural,
  title		= {Neural machine translation by jointly learning to align
		  and translate},
  author	= {Bahdanau, Dzmitry and Cho, Kyunghyun and Bengio, Yoshua},
  journal	= {arXiv preprint arXiv:1409.0473},
  year		= {2014}
}

@InProceedings{	  baheti2018generating,
  title		= {Generating More Interesting Responses in Neural
		  Conversation Models with Distributional Constraints},
  author	= {Baheti, Ashutosh and Ritter, Alan and Li, Jiwei and Dolan,
		  Bill},
  booktitle	= {Conference on Empirical Methods in Natural Language
		  Processing (EMNLP 2018)},
  year		= {2018}
}

@Misc{		  bandy2021addressing,
  title		= {Addressing "Documentation Debt" in Machine Learning
		  Research: A Retrospective Datasheet for BookCorpus},
  author	= {Jack Bandy and Nicholas Vincent},
  year		= {2021},
  eprint	= {2105.05241},
  archiveprefix	= {arXiv},
  primaryclass	= {cs.CL}
}

@InProceedings{	  barrault2019wmt,
  author	= {Barrault, Loic and Bojar, Ondrej and Costa-jussa , Marta
		  R. and Federmann, Christian and Fishel, Mark and Graham,
		  Yvette and Haddow, Barry and Huck, Matthias and Koehn,
		  Philipp and Malmasi, Shervin and Monz, Christof and Muller,
		  Mathias and Pal, Santanu and Post, Matt and Zampieri,
		  Marcos},
  title		= {Findings of the 2019 Conference on Machine Translation
		  (WMT19)},
  booktitle	= {Proceedings of the Fourth Conference on Machine
		  Translation (Volume 2: Shared Task Papers, Day 1)},
  month		= {August},
  year		= {2019},
  address	= {Florence, Italy},
  publisher	= {Association for Computational Linguistics},
  pages		= {1--61},
  url		= {http://www.aclweb.org/anthology/W19-5301}
}

@Article{	  bender2018data,
  title		= "Data Statements for Natural Language Processing: Toward
		  Mitigating System Bias and Enabling Better Science",
  author	= "Bender, Emily M. and Friedman, Batya",
  journal	= "Transactions of the Association for Computational
		  Linguistics",
  volume	= "6",
  year		= "2018",
  url		= "https://www.aclweb.org/anthology/Q18-1041",
  doi		= "10.1162/tacl_a_00041",
  pages		= "587--604"
}

@InProceedings{	  bender2021stochastic,
  author	= {Bender, Emily M. and Gebru, Timnit and McMillan-Major,
		  Angelina and Shmitchell, Shmargaret},
  title		= {On the Dangers of Stochastic Parrots: Can Language Models
		  Be Too Big?},
  year		= {2021},
  isbn		= {9781450383097},
  publisher	= {Association for Computing Machinery},
  address	= {New York, NY, USA},
  url		= {https://doi.org/10.1145/3442188.3445922},
  doi		= {10.1145/3442188.3445922},
  booktitle	= {Proceedings of the 2021 ACM Conference on Fairness,
		  Accountability, and Transparency},
  pages		= {610--623},
  numpages	= {14},
  location	= {Virtual Event, Canada},
  series	= {FAccT 2021}
}

@Article{	  bloom1970space,
  title		= {Space/time trade-offs in hash coding with allowable
		  errors},
  author	= {Bloom, Burton H},
  journal	= {Communications of the ACM},
  volume	= {13},
  number	= {7},
  pages		= {422--426},
  year		= {1970},
  publisher	= {ACM New York, NY, USA}
}

@Misc{		  bowman2021fix,
  title		= {What Will it Take to Fix Benchmarking in Natural Language
		  Understanding?},
  author	= {Samuel R. Bowman and George E. Dahl},
  year		= {2021},
  eprint	= {2104.02145},
  archiveprefix	= {arXiv},
  primaryclass	= {cs.CL}
}

@Article{	  bradbury2016quasi,
  title		= {Quasi-recurrent neural networks},
  author	= {Bradbury, James and Merity, Stephen and Xiong, Caiming and
		  Socher, Richard},
  journal	= {arXiv preprint arXiv:1611.01576},
  year		= {2016}
}

@Article{	  branwen2020gpt,
  title		= {{GPT}-3 Creative Fiction},
  author	= {Branwen, Gwern},
  year		= {2020},
  url		= {https://www.gwern.net/GPT-3}
}

@InProceedings{	  broder1997resemblance,
  title		= {On the resemblance and containment of documents},
  author	= {Broder, Andrei Z},
  booktitle	= {Proceedings. Compression and Complexity of SEQUENCES 1997
		  (Cat. No. 97TB100171)},
  pages		= {21--29},
  year		= {1997},
  organization	= {IEEE}
}

@InProceedings{	  brown2020language,
  title		= {Language models are few-shot learners},
  author	= {Brown, Tom B and Mann, Benjamin and Ryder, Nick and
		  Subbiah, Melanie and Kaplan, Jared and Dhariwal, Prafulla
		  and Neelakantan, Arvind and Shyam, Pranav and Sastry,
		  Girish and Askell, Amanda and others},
  booktitle	= {Advances in Neural Information Processing Systems 33},
  year		= {2020}
}

@InProceedings{	  buschek2021impact,
  title		= {The impact of multiple parallel phrase suggestions on
		  email input and composition behaviour of native and
		  non-native english writers},
  author	= {Buschek, Daniel and Z{\"u}rn, Martin and Eiband, Malin},
  booktitle	= {Proceedings of the 2021 CHI Conference on Human Factors in
		  Computing Systems},
  pages		= {1--13},
  year		= {2021}
}

@Misc{		  carlini2020extracting,
  title		= {Extracting Training Data from Large Language Models},
  author	= {Nicholas Carlini and Florian Tramer and Eric Wallace and
		  Matthew Jagielski and Ariel Herbert-Voss and Katherine Lee
		  and Adam Roberts and Tom Brown and Dawn Song and Ulfar
		  Erlingsson and Alina Oprea and Colin Raffel},
  year		= {2020},
  eprint	= {2012.07805},
  archiveprefix	= {arXiv},
  primaryclass	= {cs.CR}
}

@Article{	  carlson2018evaluating,
  title		= {Evaluating prose style transfer with the Bible},
  author	= {Carlson, Keith and Riddell, Allen and Rockmore, Daniel},
  journal	= {Royal Society open science},
  volume	= {5},
  number	= {10},
  pages		= {171920},
  year		= {2018},
  publisher	= {The Royal Society}
}

@Misc{		  caswell2021quality,
  title		= {Quality at a Glance: An Audit of Web-Crawled Multilingual
		  Datasets},
  author	= {Isaac Caswell and Julia Kreutzer and Lisa Wang and Ahsan
		  Wahab and Daan van Esch and Nasanbayar Ulzii-Orshikh and
		  Allahsera Tapo and Nishant Subramani and Artem Sokolov and
		  Claytone Sikasote and Monang Setyawan and Supheakmungkol
		  Sarin and Sokhar Samb and Benoît Sagot and Clara Rivera
		  and Annette Rios and Isabel Papadimitriou and Salomey Osei
		  and Pedro Javier Ortiz Suárez and Iroro Orife and Kelechi
		  Ogueji and Rubungo Andre Niyongabo and Toan Q. Nguyen and
		  Mathias Müller and André Müller and Shamsuddeen Hassan
		  Muhammad and Nanda Muhammad and Ayanda Mnyakeni and
		  Jamshidbek Mirzakhalov and Tapiwanashe Matangira and Colin
		  Leong and Nze Lawson and Sneha Kudugunta and Yacine Jernite
		  and Mathias Jenny and Orhan Firat and Bonaventure F. P.
		  Dossou and Sakhile Dlamini and Nisansa de Silva and Sakine
		  Çabuk Ballı and Stella Biderman and Alessia Battisti and
		  Ahmed Baruwa and Ankur Bapna and Pallavi Baljekar and
		  Israel Abebe Azime and Ayodele Awokoya and Duygu Ataman and
		  Orevaoghene Ahia and Oghenefego Ahia and Sweta Agrawal and
		  Mofetoluwa Adeyemi},
  year		= {2021},
  eprint	= {2103.12028},
  archiveprefix	= {arXiv},
  primaryclass	= {cs.CL}
}

@Article{	  chelba2013one,
  title		= {One billion word benchmark for measuring progress in
		  statistical language modeling},
  author	= {Chelba, Ciprian and Mikolov, Tomas and Schuster, Mike and
		  Ge, Qi and Brants, Thorsten and Koehn, Phillipp and
		  Robinson, Tony},
  journal	= {arXiv preprint arXiv:1312.3005},
  year		= {2013}
}

@InProceedings{	  cho2016noisy,
  title		= {Noisy parallel approximate decoding for conditional
		  recurrent language model},
  author	= {Cho, Kyunghyun},
  journal	= {arXiv preprint arXiv:1605.03835},
  year		= {2016}
}

@Article{	  chopra2016abstractive,
  title		= "Abstractive Sentence Summarization with Attentive
		  Recurrent Neural Networks",
  author	= "Chopra, Sumit and Auli, Michael and Rush, Alexander M.",
  booktitle	= "Proceedings of the 2016 Conference of the North {A}merican
		  Chapter of the Association for Computational Linguistics:
		  Human Language Technologies",
  month		= jun,
  year		= "2016",
  address	= "San Diego, California",
  publisher	= "Association for Computational Linguistics",
  url		= "https://www.aclweb.org/anthology/N16-1012",
  doi		= "10.18653/v1/N16-1012",
  pages		= "93--98"
}

@InProceedings{	  choudhary2017domainan,
  title		= {Domain Aware Neural Dialog System},
  author	= {Sajal Choudhary and Prerna Srivastava and Lyle H. Ungar
		  and Jo{\~a}o Sedoc},
  journal	= {CoRR},
  year		= {2017},
  volume	= {abs/1708.00897}
}

@InProceedings{	  clark2018creative,
  author	= {Clark, Elizabeth and Ross, Anne Spencer and Tan, Chenhao
		  and Ji, Yangfeng and Smith, Noah A.},
  title		= {Creative Writing with a Machine in the Loop: Case Studies
		  on Slogans and Stories},
  booktitle	= {23rd International Conference on Intelligent User
		  Interfaces},
  series	= {IUI '18},
  year		= {2018},
  isbn		= {978-1-4503-4945-1},
  location	= {Tokyo, Japan},
  pages		= {329--340},
  numpages	= {12},
  url		= {http://doi.acm.org/10.1145/3172944.3172983},
  doi		= {10.1145/3172944.3172983},
  acmid		= {3172983},
  publisher	= {ACM},
  address	= {New York, NY, USA},
  keywords	= {creative writing, machine in the loop, natural language
		  processing}
}

@InProceedings{	  cocos2016clustering,
  title		= "Clustering Paraphrases by Word Sense",
  author	= "Cocos, Anne and Callison-Burch, Chris",
  booktitle	= "Proceedings of the 2016 Conference of the North {A}merican
		  Chapter of the Association for Computational Linguistics:
		  Human Language Technologies",
  month		= jun,
  year		= "2016",
  address	= "San Diego, California",
  publisher	= "Association for Computational Linguistics",
  url		= "https://www.aclweb.org/anthology/N16-1172",
  doi		= "10.18653/v1/N16-1172",
  pages		= "1463--1472"
}

@Misc{		  cohen2016min,
  title		= {Min-Hash Sketches: A Brief Survey},
  author	= {Cohen, Edith},
  year		= {2016},
  url		= {http://www.cohenwang.com/edith/Surveys/minhash.pdf}
}

@InProceedings{	  dai-etal-2019-style,
  title		= "Style Transformer: Unpaired Text Style Transfer without
		  Disentangled Latent Representation",
  author	= "Dai, Ning and Liang, Jianze and Qiu, Xipeng and Huang,
		  Xuanjing",
  booktitle	= "Proceedings of the 57th Annual Meeting of the Association
		  for Computational Linguistics",
  month		= jul,
  year		= "2019",
  address	= "Florence, Italy",
  publisher	= "Association for Computational Linguistics",
  url		= "https://www.aclweb.org/anthology/P19-1601",
  doi		= "10.18653/v1/P19-1601",
  pages		= "5997--6007"
}

@Article{	  dai2019style,
  title		= {Style transformer: Unpaired text style transfer without
		  disentangled latent representation},
  author	= {Dai, Ning and Liang, Jianze and Qiu, Xipeng and Huang,
		  Xuanjing},
  journal	= {arXiv preprint arXiv:1905.05621},
  year		= {2019}
}

@Article{	  dai2019transformer,
  title		= {Transformer-xl: Attentive language models beyond a
		  fixed-length context},
  author	= {Dai, Zihang and Yang, Zhilin and Yang, Yiming and Cohen,
		  William W and Carbonell, Jaime and Le, Quoc V and
		  Salakhutdinov, Ruslan},
  journal	= {arXiv preprint arXiv:1901.02860},
  year		= {2019}
}

@InProceedings{	  danescu2011chameleons,
  title		= "Chameleons in Imagined Conversations: A New Approach to
		  Understanding Coordination of Linguistic Style in Dialogs",
  author	= "Danescu-Niculescu-Mizil, Cristian and Lee, Lillian",
  booktitle	= "Proceedings of the 2nd Workshop on Cognitive Modeling and
		  Computational Linguistics",
  month		= jun,
  year		= "2011",
  address	= "Portland, Oregon, USA",
  publisher	= "Association for Computational Linguistics",
  url		= "https://www.aclweb.org/anthology/W11-0609",
  pages		= "76--87"
}

@Article{	  dathathri2019plug,
  title		= {Plug and play language models: a simple approach to
		  controlled text generation},
  author	= {Dathathri, Sumanth and Madotto, Andrea and Lan, Janice and
		  Hung, Jane and Frank, Eric and Molino, Piero and Yosinski,
		  Jason and Liu, Rosanne},
  journal	= {arXiv preprint arXiv:1912.02164},
  year		= {2019}
}

@InProceedings{	  dauphin2017language,
  title		= {Language modeling with gated convolutional networks},
  author	= {Dauphin, Yann N and Fan, Angela and Auli, Michael and
		  Grangier, David},
  booktitle	= {Proceedings of the 34th International Conference on
		  Machine Learning-Volume 70},
  pages		= {933--941},
  year		= {2017},
  organization	= {JMLR. org}
}

@InProceedings{	  dblp:conf/ijcai/luolzycss19,
  author	= {Fuli Luo and Peng Li and Jie Zhou and Pengcheng Yang and
		  Baobao Chang and Xu Sun and Zhifang Sui},
  editor	= {Sarit Kraus},
  title		= {A Dual Reinforcement Learning Framework for Unsupervised
		  Text Style Transfer},
  booktitle	= {Proceedings of the Twenty-Eighth International Joint
		  Conference on Artificial Intelligence, {IJCAI} 2019, Macao,
		  China, August 10-16, 2019},
  pages		= {5116--5122},
  publisher	= {ijcai.org},
  year		= {2019},
  url		= {https://doi.org/10.24963/ijcai.2019/711},
  doi		= {10.24963/ijcai.2019/711},
  timestamp	= {Wed, 22 Jan 2020 14:30:11 +0100},
  biburl	= {https://dblp.org/rec/conf/ijcai/LuoLZYCSS19.bib},
  bibsource	= {dblp computer science bibliography, https://dblp.org}
}

@Article{	  dblp:journals/corr/abs-1808-06226,
  author	= {Taku Kudo and John Richardson},
  title		= {SentencePiece: {A} simple and language independent subword
		  tokenizer and detokenizer for Neural Text Processing},
  journal	= {CoRR},
  volume	= {abs/1808.06226},
  year		= {2018},
  url		= {http://arxiv.org/abs/1808.06226},
  archiveprefix	= {arXiv},
  eprint	= {1808.06226},
  timestamp	= {Sun, 02 Sep 2018 15:01:56 +0200},
  biburl	= {https://dblp.org/rec/journals/corr/abs-1808-06226.bib},
  bibsource	= {dblp computer science bibliography, https://dblp.org}
}

@Article{	  dblp:journals/corr/abs-1904-02295,
  author	= {Remi Mir and Bjarke Felbo and Nick Obradovich and Iyad
		  Rahwan},
  title		= {Evaluating Style Transfer for Text},
  journal	= {CoRR},
  volume	= {abs/1904.02295},
  year		= {2019},
  url		= {http://arxiv.org/abs/1904.02295},
  archiveprefix	= {arXiv},
  eprint	= {1904.02295},
  timestamp	= {Wed, 24 Apr 2019 12:21:25 +0200},
  biburl	= {https://dblp.org/rec/journals/corr/abs-1904-02295.bib},
  bibsource	= {dblp computer science bibliography, https://dblp.org}
}

@Article{	  dblp:journals/corr/abs-1905-11975,
  author	= {Peng Xu and Yanshuai Cao and Jackie Chi Kit Cheung},
  title		= {On Variational Learning of Controllable Representations
		  for Text without Supervision},
  journal	= {Proceedings of the International Conference on Machine
		  Learning (ICML)},
  year		= {2020},
  url		= {http://arxiv.org/abs/1905.11975},
  archiveprefix	= {arXiv},
  eprint	= {1905.11975},
  timestamp	= {Mon, 03 Jun 2019 13:42:33 +0200},
  biburl	= {https://dblp.org/rec/journals/corr/abs-1905-11975.bib},
  bibsource	= {dblp computer science bibliography, https://dblp.org},
  volume	= {abs/1905.11975}
}

@Article{	  dblp:journals/corr/abs-1910-10683,
  author	= {Colin Raffel and Noam Shazeer and Adam Roberts and
		  Katherine Lee and Sharan Narang and Michael Matena and
		  Yanqi Zhou and Wei Li and Peter J. Liu},
  title		= {Exploring the Limits of Transfer Learning with a Unified
		  Text-to-Text Transformer},
  journal	= {CoRR},
  volume	= {abs/1910.10683},
  year		= {2019},
  url		= {http://arxiv.org/abs/1910.10683},
  archiveprefix	= {arXiv},
  eprint	= {1910.10683},
  timestamp	= {Fri, 05 Feb 2021 15:43:41 +0100},
  biburl	= {https://dblp.org/rec/journals/corr/abs-1910-10683.bib},
  bibsource	= {dblp computer science bibliography, https://dblp.org}
}

@Article{	  dblp:journals/corr/abs-2005-14165,
  author	= {Tom B. Brown and Benjamin Mann and Nick Ryder and Melanie
		  Subbiah and Jared Kaplan and Prafulla Dhariwal and Arvind
		  Neelakantan and Pranav Shyam and Girish Sastry and Amanda
		  Askell and Sandhini Agarwal and Ariel Herbert{-}Voss and
		  Gretchen Krueger and Tom Henighan and Rewon Child and
		  Aditya Ramesh and Daniel M. Ziegler and Jeffrey Wu and
		  Clemens Winter and Christopher Hesse and Mark Chen and Eric
		  Sigler and Mateusz Litwin and Scott Gray and Benjamin Chess
		  and Jack Clark and Christopher Berner and Sam McCandlish
		  and Alec Radford and Ilya Sutskever and Dario Amodei},
  title		= {Language Models are Few-Shot Learners},
  journal	= {CoRR},
  volume	= {abs/2005.14165},
  year		= {2020},
  url		= {https://arxiv.org/abs/2005.14165},
  archiveprefix	= {arXiv},
  eprint	= {2005.14165},
  timestamp	= {Wed, 03 Jun 2020 11:36:54 +0200},
  biburl	= {https://dblp.org/rec/journals/corr/abs-2005-14165.bib},
  bibsource	= {dblp computer science bibliography, https://dblp.org}
}

@Article{	  dblp:journals/corr/abs-2010-03802,
  author	= {Parker Riley and Noah Constant and Mandy Guo and Girish
		  Kumar and David C. Uthus and Zarana Parekh},
  title		= {TextSETTR: Label-Free Text Style Extraction and Tunable
		  Targeted Restyling},
  journal	= {Proceedings of the Annual Meeting of the Association of
		  Computational Linguistics (ACL)},
  year		= {2021},
  url		= {https://arxiv.org/abs/2010.03802},
  archiveprefix	= {arXiv},
  eprint	= {2010.03802},
  timestamp	= {Tue, 13 Oct 2020 15:25:23 +0200},
  biburl	= {https://dblp.org/rec/journals/corr/abs-2010-03802.bib},
  bibsource	= {dblp computer science bibliography, https://dblp.org}
}

@Article{	  dblp:journals/corr/abs-2010-12742,
  author	= {Zhiqiang Hu and Roy Ka{-}Wei Lee and Charu C. Aggarwal},
  title		= {Text Style Transfer: {A} Review and Experiment
		  Evaluation},
  journal	= {CoRR},
  volume	= {abs/2010.12742},
  year		= {2020},
  url		= {https://arxiv.org/abs/2010.12742},
  archiveprefix	= {arXiv},
  eprint	= {2010.12742},
  timestamp	= {Mon, 02 Nov 2020 18:17:09 +0100},
  biburl	= {https://dblp.org/rec/journals/corr/abs-2010-12742.bib},
  bibsource	= {dblp computer science bibliography, https://dblp.org}
}

@Article{	  dblp:journals/corr/abs-2011-00416,
  author	= {Di Jin and Zhijing Jin and Zhiting Hu and Olga Vechtomova
		  and Rada Mihalcea},
  title		= {Deep Learning for Text Style Transfer: {A} Survey},
  journal	= {CoRR},
  volume	= {abs/2011.00416},
  year		= {2020},
  url		= {https://arxiv.org/abs/2011.00416},
  archiveprefix	= {arXiv},
  eprint	= {2011.00416},
  timestamp	= {Tue, 27 Apr 2021 16:14:25 +0200},
  biburl	= {https://dblp.org/rec/journals/corr/abs-2011-00416.bib},
  bibsource	= {dblp computer science bibliography, https://dblp.org}
}

@Article{	  dblp:journals/corr/abs-2102-07350,
  author	= {Laria Reynolds and Kyle McDonell},
  title		= {Prompt Programming for Large Language Models: Beyond the
		  Few-Shot Paradigm},
  journal	= {CoRR},
  volume	= {abs/2102.07350},
  year		= {2021},
  url		= {https://arxiv.org/abs/2102.07350},
  archiveprefix	= {arXiv},
  eprint	= {2102.07350},
  timestamp	= {Thu, 18 Feb 2021 15:26:00 +0100},
  biburl	= {https://dblp.org/rec/journals/corr/abs-2102-07350.bib},
  bibsource	= {dblp computer science bibliography, https://dblp.org}
}

@Article{	  dblp:journals/corr/vaswanispujgkp17,
  author	= {Ashish Vaswani and Noam Shazeer and Niki Parmar and Jakob
		  Uszkoreit and Llion Jones and Aidan N. Gomez and Lukasz
		  Kaiser and Illia Polosukhin},
  title		= {Attention Is All You Need},
  journal	= {CoRR},
  volume	= {abs/1706.03762},
  year		= {2017},
  url		= {http://arxiv.org/abs/1706.03762},
  archiveprefix	= {arXiv},
  eprint	= {1706.03762},
  timestamp	= {Sat, 23 Jan 2021 01:20:40 +0100},
  biburl	= {https://dblp.org/rec/journals/corr/VaswaniSPUJGKP17.bib},
  bibsource	= {dblp computer science bibliography, https://dblp.org}
}

@InProceedings{	  demszky-2020-goemotions,
  title		= "{G}o{E}motions: A Dataset of Fine-Grained Emotions",
  author	= "Demszky, Dorottya and Movshovitz-Attias, Dana and Ko,
		  Jeongwoo and Cowen, Alan and Nemade, Gaurav and Ravi,
		  Sujith",
  booktitle	= "Proceedings of the 58th Annual Meeting of the Association
		  for Computational Linguistics",
  month		= jul,
  year		= "2020",
  address	= "Online",
  publisher	= "Association for Computational Linguistics",
  url		= "https://www.aclweb.org/anthology/2020.acl-main.372",
  pages		= "4040--4054"
}

@InProceedings{	  denkowski2014meteor,
  title		= "Meteor Universal: Language Specific Translation Evaluation
		  for Any Target Language",
  author	= "Denkowski, Michael and Lavie, Alon",
  booktitle	= "Proceedings of the Ninth Workshop on Statistical Machine
		  Translation",
  month		= jun,
  year		= "2014",
  address	= "Baltimore, Maryland, USA",
  publisher	= "Association for Computational Linguistics",
  url		= "https://www.aclweb.org/anthology/W14-3348",
  doi		= "10.3115/v1/W14-3348",
  pages		= "376--380"
}

@InProceedings{	  devlin2018bert,
  title		= {Bert: Pre-training of deep bidirectional transformers for
		  language understanding.},
  author	= {Jacob Devlin and Ming-Wei Chang and Kenton Lee and and
		  Kristina Toutanova},
  journal	= {arXiv preprint arXiv:1810.04805},
  year		= {2018}
}

###Article{	  devlin2018bert,
  title		= {Bert: Pre-training of deep bidirectional transformers for
		  language understanding},
  author	= {Devlin, Jacob and Chang, Ming-Wei and Lee, Kenton and
		  Toutanova, Kristina},
  journal	= {arXiv preprint arXiv:1810.04805},
  year		= {2018}
}

@Article{	  dodge2021-lb,
  title		= "Documenting the English Colossal Clean Crawled Corpus",
  author	= "Dodge, Jesse and Sap, Maarten and Marasovic, Ana and
		  Agnew, William and Ilharco, Gabriel and Groeneveld, Dirk
		  and Gardner, Matt",
  month		= apr,
  year		= 2021,
  journal	= {arXiv preprint arXiv:2104.08758},
  archiveprefix	= "arXiv",
  primaryclass	= "cs.CL",
  eprint	= "2104.08758"
}

@Misc{		  dodge2021documenting,
  title		= {Documenting the English Colossal Clean Crawled Corpus},
  author	= {Jesse Dodge and Maarten Sap and Ana Marasovic and William
		  Agnew and Gabriel Ilharco and Dirk Groeneveld and Matt
		  Gardner},
  year		= {2021},
  eprint	= {2104.08758},
  archiveprefix	= {arXiv},
  primaryclass	= {cs.CL}
}

###Article{	  dodge2021documenting,
  title		= {Documenting the English Colossal Clean Crawled Corpus},
  author	= {Dodge, Jesse and Sap, Maarten and Marasovic, Ana and
		  Agnew, William and Ilharco, Gabriel and Groeneveld, Dirk
		  and Gardner, Matt},
  journal	= {arXiv preprint arXiv:2104.08758},
  year		= {2021}
}

@InProceedings{	  donahue2020enabling,
  title		= {Enabling Language Models to Fill in the Blanks},
  author	= {Donahue, Chris and Lee, Mina and Liang, Percy},
  booktitle	= {Proceedings of the 58th Annual Meeting of the Association
		  for Computational Linguistics},
  pages		= {2492--2501},
  year		= {2020}
}

@InProceedings{	  dos2014deep,
  title		= {Deep convolutional neural networks for sentiment analysis
		  of short texts},
  author	= {Dos Santos, Cicero and Gatti, Maira},
  booktitle	= {Proceedings of COLING 2014, the 25th International
		  Conference on Computational Linguistics: Technical Papers},
  pages		= {69--78},
  year		= {2014}
}

@InProceedings{	  elliott2013image,
  title		= "Image Description using Visual Dependency Representations",
  author	= "Elliott, Desmond and Keller, Frank",
  booktitle	= "Proceedings of the 2013 Conference on Empirical Methods in
		  Natural Language Processing",
  month		= oct,
  year		= "2013",
  address	= "Seattle, Washington, USA",
  publisher	= "Association for Computational Linguistics",
  url		= "https://www.aclweb.org/anthology/D13-1128",
  pages		= "1292--1302"
}

@InProceedings{	  fan2018hierarchical,
  title		= "Hierarchical Neural Story Generation",
  author	= "Fan, Angela and Lewis, Mike and Dauphin, Yann",
  booktitle	= "Proceedings of the 56th Annual Meeting of the Association
		  for Computational Linguistics (Volume 1: Long Papers)",
  month		= jul,
  year		= "2018",
  address	= "Melbourne, Australia",
  publisher	= "Association for Computational Linguistics",
  url		= "https://www.aclweb.org/anthology/P18-1082",
  pages		= "889--898"
}

###Article{	  fan2018hierarchical,
  title		= {Hierarchical neural story generation},
  author	= {Fan, Angela and Lewis, Mike and Dauphin, Yann},
  journal	= {arXiv preprint arXiv:1805.04833},
  year		= {2018}
}

@Misc{		  fedus2021switch,
  title		= {Switch Transformers: Scaling to Trillion Parameter Models
		  with Simple and Efficient Sparsity},
  author	= {William Fedus and Barret Zoph and Noam Shazeer},
  year		= {2021},
  eprint	= {2101.03961},
  archiveprefix	= {arXiv},
  primaryclass	= {cs.LG}
}

@InProceedings{	  feldman2020neural,
  title		= {What neural networks memorize and why: Discovering the
		  long tail via influence estimation},
  author	= {Feldman, Vitaly and Zhang, Chiyuan},
  booktitle	= {Advances in Neural Information Processing Systems},
  year		= {2020}
}

@InProceedings{	  fitzgerald2013learning,
  title		= {Learning distributions over logical forms for referring
		  expression generation},
  author	= {FitzGerald, Nicholas and Artzi, Yoav and Zettlemoyer,
		  Luke},
  booktitle	= {Proceedings of the 2013 conference on empirical methods in
		  natural language processing},
  pages		= {1914--1925},
  year		= {2013}
}

@Article{	  gabriel201863,
  title		= {Identifying and characterizing highly similar notes in big
		  clinical note datasets},
  journal	= {Journal of Biomedical Informatics},
  volume	= {82},
  pages		= {63-69},
  year		= {2018},
  issn		= {1532-0464},
  doi		= {https://doi.org/10.1016/j.jbi.2018.04.009},
  url		= {https://www.sciencedirect.com/science/article/pii/S153204641830073X},
  author	= {Rodney A. Gabriel and Tsung-Ting Kuo and Julian McAuley
		  and Chun-Nan Hsu},
  keywords	= {Electronic medical record, De-deduplication, Natural
		  language processing}
}

@Misc{		  gao2020making,
  title		= {Making Pre-trained Language Models Better Few-shot
		  Learners},
  author	= {Tianyu Gao and Adam Fisch and Danqi Chen},
  year		= {2020},
  eprint	= {2012.15723},
  archiveprefix	= {arXiv},
  primaryclass	= {cs.CL}
}

@Misc{		  gebru2020datasheets,
  title		= {Datasheets for Datasets},
  author	= {Timnit Gebru and Jamie Morgenstern and Briana Vecchione
		  and Jennifer Wortman Vaughan and Hanna Wallach and Hal
		  Daumé III au2 and Kate Crawford},
  year		= {2020},
  eprint	= {1803.09010},
  archiveprefix	= {arXiv},
  primaryclass	= {cs.DB}
}

@InProceedings{	  gehring2017convolutional,
  title		= {Convolutional sequence to sequence learning},
  author	= {Gehring, Jonas and Auli, Michael and Grangier, David and
		  Yarats, Denis and Dauphin, Yann N},
  booktitle	= {Proceedings of the 34th International Conference on
		  Machine Learning-Volume 70},
  pages		= {1243--1252},
  year		= {2017},
  organization	= {JMLR. org}
}

@InProceedings{	  gehrmann2019gltr,
  title		= {GLTR: Statistical Detection and Visualization of Generated
		  Text},
  author	= {Gehrmann, Sebastian and Strobelt, Hendrik and Rush,
		  Alexander M},
  booktitle	= {Proceedings of the 57th Annual Meeting of the Association
		  for Computational Linguistics: System Demonstrations},
  pages		= {111--116},
  year		= {2019}
}

@InProceedings{	  gers2000recurrent,
  title		= {Recurrent nets that time and count},
  author	= {Gers, Felix A and Schmidhuber, J{\"u}rgen},
  booktitle	= {Proceedings of the IEEE-INNS-ENNS International Joint
		  Conference on Neural Networks. IJCNN 2000. Neural
		  Computing: New Challenges and Perspectives for the New
		  Millennium},
  volume	= {3},
  pages		= {189--194},
  year		= {2000},
  organization	= {IEEE}
}

@InProceedings{	  gimpel2013systematic,
  title		= {A systematic exploration of diversity in machine
		  translation},
  author	= {Gimpel, Kevin and Batra, Dhruv and Dyer, Chris and
		  Shakhnarovich, Gregory},
  booktitle	= {Proceedings of the 2013 Conference on Empirical Methods in
		  Natural Language Processing},
  pages		= {1100--1111},
  year		= {2013},
  url		= {https://ttic.uchicago.edu/~gregory/papers/emnlp2013diversity.pdf}
}

@InProceedings{	  girshick2015fast,
  title		= {Fast r-cnn},
  author	= {Girshick, Ross},
  booktitle	= {Proceedings of the IEEE international conference on
		  computer vision},
  pages		= {1440--1448},
  year		= {2015}
}

@Article{	  goldfarb2020content,
  title		= {Content planning for neural story generation with
		  aristotelian rescoring},
  author	= {Goldfarb-Tarrant, Seraphina and Chakrabarty, Tuhin and
		  Weischedel, Ralph and Peng, Nanyun},
  journal	= {arXiv preprint arXiv:2009.09870},
  year		= {2020}
}

@Misc{		  gpt-j,
  author	= {Wang, Ben and Komatsuzaki, Aran},
  title		= {{GPT-J-6B: A 6 Billion Parameter Autoregressive Language
		  Model}},
  howpublished	= {\url{https://github.com/kingoflolz/mesh-transformer-jax}},
  year		= 2021,
  month		= may
}

@Misc{		  gpt3,
  title		= {Language Models are Few-Shot Learners},
  author	= {Tom B. Brown and Benjamin Mann and Nick Ryder and Melanie
		  Subbiah and Jared Kaplan and Prafulla Dhariwal and Arvind
		  Neelakantan and Pranav Shyam and Girish Sastry and Amanda
		  Askell and Sandhini Agarwal and Ariel Herbert-Voss and
		  Gretchen Krueger and Tom Henighan and Rewon Child and
		  Aditya Ramesh and Daniel M. Ziegler and Jeffrey Wu and
		  Clemens Winter and Christopher Hesse and Mark Chen and Eric
		  Sigler and Mateusz Litwin and Scott Gray and Benjamin Chess
		  and Jack Clark and Christopher Berner and Sam McCandlish
		  and Alec Radford and Ilya Sutskever and Dario Amodei},
  year		= {2020},
  eprint	= {2005.14165},
  archiveprefix	= {arXiv},
  primaryclass	= {cs.CL}
}

@Article{	  graff2003english,
  title		= {English gigaword},
  author	= {Graff, David and Kong, Junbo and Chen, Ke and Maeda,
		  Kazuaki},
  journal	= {Linguistic Data Consortium, Philadelphia},
  volume	= {4},
  number	= {1},
  pages		= {34},
  year		= {2003}
}

@Article{	  grave2016improving,
  title		= {Improving neural language models with a continuous cache},
  author	= {Grave, Edouard and Joulin, Armand and Usunier, Nicolas},
  journal	= {arXiv preprint arXiv:1612.04426},
  year		= {2016}
}

@Article{	  graves2013generating,
  title		= {Generating sequences with recurrent neural networks},
  author	= {Graves, Alex},
  journal	= {arXiv preprint arXiv:1308.0850},
  year		= {2013}
}

@InProceedings{	  gu2017trainable,
  title		= "Trainable Greedy Decoding for Neural Machine Translation",
  author	= "Gu, Jiatao and Cho, Kyunghyun and Li, Victor O.K.",
  booktitle	= "Proceedings of the 2017 Conference on Empirical Methods in
		  Natural Language Processing",
  month		= sep,
  year		= "2017",
  address	= "Copenhagen, Denmark",
  publisher	= "Association for Computational Linguistics",
  url		= "https://www.aclweb.org/anthology/D17-1210",
  doi		= "10.18653/v1/D17-1210",
  pages		= "1968--1978"
}

@InProceedings{	  guo2020wiki40b,
  title		= {Wiki-40B: Multilingual Language Model Dataset},
  author	= {Mandy Guo and Zihang Dai and Denny Vrandecic and Rami
		  Al-Rfou},
  year		= {2020},
  url		= {http://www.lrec-conf.org/proceedings/lrec2020/pdf/2020.lrec-1.296.pdf},
  booktitle	= {LREC 2020}
}

@InProceedings{	  gyawali2020deduplication,
  title		= {Deduplication of Scholarly Documents using Locality
		  Sensitive Hashing and Word Embeddings},
  author	= {Gyawali, Bikash and Anastasiou, Lucas and Knoth, Petr},
  booktitle	= {Proceedings of the 12th Language Resources and Evaluation
		  Conference},
  pages		= {901--910},
  year		= {2020}
}

@Article{	  hochreiter1997long,
  title		= {Long short-term memory},
  author	= {Hochreiter, Sepp and Schmidhuber, J{\"u}rgen},
  journal	= {Neural computation},
  volume	= {9},
  number	= {8},
  pages		= {1735--1780},
  year		= {1997},
  publisher	= {MIT Press}
}

@Article{	  holtzman2019curious,
  title		= {The Curious Case of Neural Text Degeneration},
  author	= {Ari Holtzman and Jan Buys and Maxwell Forbes and Yejin
		  Choi},
  journal	= {CoRR},
  year		= {2019},
  volume	= {abs/1904.09751}
}

@InProceedings{	  hu2019parabank,
  title		= {ParaBank: Monolingual Bitext Generation and Sentential
		  Paraphrasing via Lexically-constrained Neural Machine
		  Translation},
  author	= {Hu, J Edward and Rudinger, Rachel and Post, Matt and Van
		  Durme, Benjamin},
  journal	= {arXiv preprint arXiv:1901.03644},
  year		= {2019}
}

@Article{	  huang2018music,
  title		= {Music transformer},
  author	= {Huang, Cheng-Zhi Anna and Vaswani, Ashish and Uszkoreit,
		  Jakob and Shazeer, Noam and Simon, Ian and Hawthorne,
		  Curtis and Dai, Andrew M and Hoffman, Matthew D and
		  Dinculescu, Monica and Eck, Douglas},
  journal	= {arXiv preprint arXiv:1809.04281},
  year		= {2018}
}

@InProceedings{	  huang2020inset,
  title		= {INSET: Sentence Infilling with INter-SEntential
		  Transformer},
  author	= {Huang, Yichen and Zhang, Yizhe and Elachqar, Oussama and
		  Cheng, Yu},
  booktitle	= {Proceedings of the 58th Annual Meeting of the Association
		  for Computational Linguistics},
  pages		= {2502--2515},
  year		= {2020}
}

@InProceedings{	  hung2007new,
  author	= {Chim, Hung and Deng, Xiaotie},
  title		= {A New Suffix Tree Similarity Measure for Document
		  Clustering},
  year		= {2007},
  isbn		= {9781595936547},
  publisher	= {Association for Computing Machinery},
  address	= {New York, NY, USA},
  url		= {https://doi.org/10.1145/1242572.1242590},
  doi		= {10.1145/1242572.1242590},
  booktitle	= {Proceedings of the 16th International Conference on World
		  Wide Web},
  pages		= {121--130},
  numpages	= {10},
  keywords	= {similarity measure, document model, suffix tree},
  location	= {Banff, Alberta, Canada},
  series	= {WWW '07}
}

@InProceedings{	  ijcai2019-711,
  title		= {A Dual Reinforcement Learning Framework for Unsupervised
		  Text Style Transfer},
  author	= {Luo, Fuli and Li, Peng and Zhou, Jie and Yang, Pengcheng
		  and Chang, Baobao and Sun, Xu and Sui, Zhifang},
  booktitle	= {Proceedings of the Twenty-Eighth International Joint
		  Conference on Artificial Intelligence, {IJCAI-19}},
  publisher	= {International Joint Conferences on Artificial Intelligence
		  Organization},
  pages		= {5116--5122},
  year		= {2019},
  month		= {7},
  doi		= {10.24963/ijcai.2019/711},
  url		= {https://doi.org/10.24963/ijcai.2019/711}
}

@inproceedings{ippolito2020automatic,
  title={Automatic Detection of Generated Text is Easiest when Humans are Fooled},
  author={Ippolito, Daphne and Duckworth, Daniel and Callison-Burch, Chris and Eck, Douglas},
  booktitle={Proceedings of the 58th Annual Meeting of the Association for Computational Linguistics},
  pages={1808--1822},
  year={2020}
}

@inproceedings{dugan2020roft,
  title={RoFT: A Tool for Evaluating Human Detection of Machine-Generated Text},
  author={Dugan, Liam and Ippolito, Daphne and Kirubarajan, Arun and Callison-Burch, Chris},
  booktitle={Proceedings of the 2020 Conference on Empirical Methods in Natural Language Processing: System Demonstrations},
  pages={189--196},
  year={2020}
}

@inproceedings{reif2021recipe,
  title={A Recipe for Arbitrary Text Style Transfer with Large Language Models},
  author={Reif, Emily and Ippolito, Daphne and Yuan, Ann and Coenen, Andy and Callison-Burch, Chris and Wei, Jason},
  booktitle={Proceedings of the 60th Annual Meeting of the Association for Computational Linguistics},
  year={2022}
}

@Article{	  ippolito2019human,
  title		= {Human and Automatic Detection of Generated Text},
  author	= {Ippolito, Daphne and Duckworth, Daniel and Callison-Burch,
		  Chris and Eck, Douglas},
  journal	= {arXiv preprint arXiv:1911.00650},
  year		= {2019}
}

@InProceedings{	  ippolito2019unsupervised,
  title		= {Unsupervised hierarchical story infilling},
  author	= {Ippolito, Daphne and Grangier, David and Callison-Burch,
		  Chris and Eck, Douglas},
  booktitle	= {Proceedings of the First Workshop on Narrative
		  Understanding},
  pages		= {37--43},
  year		= {2019}
}

@inproceedings{ippolito2019comparison,
  title={Comparison of Diverse Decoding Methods from Conditional Language Models},
  author={Ippolito, Daphne and Kriz, Reno and Sedoc, Jo{\~a}o and Kustikova, Maria and Callison-Burch, Chris},
  booktitle={Proceedings of the 57th Annual Meeting of the Association for Computational Linguistics},
  pages={3752--3762},
  year={2019}
}

@Article{	  jaccard1912distribution,
  title		= {The distribution of the flora in the alpine zone.},
  author	= {Jaccard, Paul},
  journal	= {New phytologist},
  volume	= {11},
  number	= {2},
  pages		= {37--50},
  year		= {1912},
  publisher	= {Wiley Online Library}
}

@InProceedings{	  janarthanam2010learning,
  title		= {Learning to adapt to unknown users: referring expression
		  generation in spoken dialogue systems},
  author	= {Janarthanam, Srinivasan and Lemon, Oliver},
  booktitle	= {Proceedings of the 48th Annual Meeting of the Association
		  for Computational Linguistics},
  pages		= {69--78},
  year		= {2010},
  organization	= {Association for Computational Linguistics}
}

@Article{	  jelinek1977perplexity,
  title		= {Perplexity—a measure of the difficulty of speech
		  recognition tasks},
  author	= {Jelinek, Fred and Mercer, Robert L and Bahl, Lalit R and
		  Baker, James K},
  journal	= {The Journal of the Acoustical Society of America},
  volume	= {62},
  number	= {S1},
  pages		= {S63--S63},
  year		= {1977},
  publisher	= {ASA}
}

@Article{	  jhamtani2017shakespearizing,
  title		= {Shakespearizing modern language using copy-enriched
		  sequence-to-sequence models},
  author	= {Jhamtani, Harsh and Gangal, Varun and Hovy, Eduard and
		  Nyberg, Eric},
  journal	= {arXiv preprint arXiv:1707.01161},
  year		= {2017}
}

@InProceedings{	  jin-etal-2019-imat,
  title		= "{IM}a{T}: Unsupervised Text Attribute Transfer via
		  Iterative Matching and Translation",
  author	= "Jin, Zhijing and Jin, Di and Mueller, Jonas and Matthews,
		  Nicholas and Santus, Enrico",
  booktitle	= "Proceedings of the 2019 Conference on Empirical Methods in
		  Natural Language Processing and the 9th International Joint
		  Conference on Natural Language Processing (EMNLP-IJCNLP)",
  month		= nov,
  year		= "2019",
  address	= "Hong Kong, China",
  publisher	= "Association for Computational Linguistics",
  url		= "https://www.aclweb.org/anthology/D19-1306",
  doi		= "10.18653/v1/D19-1306",
  pages		= "3097--3109"
}

@Article{	  john2018disentangled,
  title		= {Disentangled representation learning for non-parallel text
		  style transfer},
  author	= {John, Vineet and Mou, Lili and Bahuleyan, Hareesh and
		  Vechtomova, Olga},
  journal	= {arXiv preprint arXiv:1808.04339},
  year		= {2018}
}

@Article{	  joshi2020spanbert,
  title		= {SpanBERT: Improving Pre-training by Representing and
		  Predicting Spans},
  author	= {Joshi, Mandar and Chen, Danqi and Liu, Yinhan and Weld,
		  Daniel S and Zettlemoyer, Luke and Levy, Omer},
  journal	= {Transactions of the Association for Computational
		  Linguistics},
  volume	= {8},
  pages		= {64--77},
  year		= {2020}
}

@Article{	  jozefowicz2016exploring,
  title		= {Exploring the limits of language modeling},
  author	= {Jozefowicz, Rafal and Vinyals, Oriol and Schuster, Mike
		  and Shazeer, Noam and Wu, Yonghui},
  journal	= {arXiv preprint arXiv:1602.02410},
  year		= {2016}
}

@Article{	  kalchbrenner2016neural,
  title		= {Neural machine translation in linear time},
  author	= {Kalchbrenner, Nal and Espeholt, Lasse and Simonyan, Karen
		  and Oord, Aaron van den and Graves, Alex and Kavukcuoglu,
		  Koray},
  journal	= {arXiv preprint arXiv:1610.10099},
  year		= {2016}
}

@Article{	  kannan2017adversarial,
  title		= {Adversarial evaluation of dialogue models},
  author	= {Kannan, Anjuli and Vinyals, Oriol},
  journal	= {arXiv preprint arXiv:1701.08198},
  year		= {2017}
}

@InProceedings{	  karkkainen2003simple,
  title		= {Simple linear work suffix array construction},
  author	= {K{\"a}rkk{\"a}inen, Juha and Sanders, Peter},
  booktitle	= {International colloquium on automata, languages, and
		  programming},
  pages		= {943--955},
  year		= {2003},
  organization	= {Springer}
}

@InProceedings{	  ko2003space,
  title		= {Space efficient linear time construction of suffix
		  arrays},
  author	= {Ko, Pang and Aluru, Srinivas},
  booktitle	= {Annual Symposium on Combinatorial Pattern Matching},
  pages		= {200--210},
  year		= {2003},
  organization	= {Springer}
}

@InProceedings{	  kondadadi2013statistical,
  title		= {A statistical nlg framework for aggregated planning and
		  realization},
  author	= {Kondadadi, Ravi and Howald, Blake and Schilder, Frank},
  booktitle	= {Proceedings of the 51st Annual Meeting of the Association
		  for Computational Linguistics (Volume 1: Long Papers)},
  pages		= {1406--1415},
  year		= {2013}
}

@InProceedings{	  krause2017hierarchical,
  title		= {A hierarchical approach for generating descriptive image
		  paragraphs},
  author	= {Krause, Jonathan and Johnson, Justin and Krishna, Ranjay
		  and Fei-Fei, Li},
  booktitle	= {Computer Vision and Pattern Recognition (CVPR), 2017 IEEE
		  Conference on},
  pages		= {3337--3345},
  year		= {2017},
  organization	= {IEEE}
}

@Article{	  kreps2020all,
  title		= {All the News that’s Fit to Fabricate: AI-Generated Text
		  as a Tool of Media Misinformation},
  author	= {Kreps, Sarah E and McCain, Miles and Brundage, Miles},
  journal	= {Social Science Research Network},
  biburl	= {https://papers.ssrn.com/sol3/papers.cfm?abstract_id=3525002},
  year		= {2020}
}

@InProceedings{	  kriz2019complexity,
  title		= {Complexity-Weighted Loss and Diverse Reranking for
		  Sentence Simplification},
  author	= {Reno Kriz and Jo{\~a}o Sedoc and Marianna Apidianaki and
		  Carolina Zheng and Gaurav Kumar and Eleni Miltsakaki and
		  Chris Callison-Burch},
  journal	= {Proceedings of the 2019 Conference of the North American
		  Chapter of the Association for Computational Linguistics
		  (NAACL 2019)},
  year		= {2019}
}

@InProceedings{	  krizhevsky2012imagenet,
  title		= {Imagenet classification with deep convolutional neural
		  networks},
  author	= {Krizhevsky, Alex and Sutskever, Ilya and Hinton, Geoffrey
		  E},
  booktitle	= {Advances in neural information processing systems},
  pages		= {1097--1105},
  year		= {2012}
}

@InProceedings{	  kulikov2018importance,
  title		= {Importance of a Search Strategy in Neural Dialogue
		  Modelling},
  author	= {Kulikov, Ilya and Miller, Alexander H and Cho, Kyunghyun
		  and Weston, Jason},
  journal	= {arXiv preprint arXiv:1811.00907},
  year		= {2018}
}

@Misc{		  lacki2018connected,
  title		= {Connected Components at Scale via Local Contractions},
  author	= {Jakub Łącki and Vahab Mirrokni and Michał Włodarczyk},
  year		= {2018},
  eprint	= {1807.10727},
  archiveprefix	= {arXiv},
  primaryclass	= {cs.DC}
}

@InProceedings{	  lai2015recurrent,
  title		= {Recurrent convolutional neural networks for text
		  classification},
  author	= {Lai, Siwei and Xu, Liheng and Liu, Kang and Zhao, Jun},
  booktitle	= {Twenty-ninth AAAI conference on artificial intelligence},
  year		= {2015}
}

@Misc{		  laugier2021civil,
  title		= {Civil Rephrases Of Toxic Texts With Self-Supervised
		  Transformers},
  author	= {Leo Laugier and John Pavlopoulos and Jeffrey Sorensen and
		  Lucas Dixon},
  year		= {2021},
  eprint	= {2102.05456},
  archiveprefix	= {arXiv},
  primaryclass	= {cs.CL}
}

@InProceedings{	  le2014distributed,
  author	= {Le, Quoc and Mikolov, Tomas},
  title		= {Distributed Representations of Sentences and Documents},
  booktitle	= {Proceedings of the 31st International Conference on
		  International Conference on Machine Learning - Volume 32},
  series	= {ICML'14},
  year		= {2014},
  location	= {Beijing, China},
  pages		= {1188--1196}
}

@Article{	  lester2021power,
  title		= {The power of scale for parameter-efficient prompt tuning},
  author	= {Lester, Brian and Al-Rfou, Rami and Constant, Noah},
  journal	= {arXiv preprint arXiv:2104.08691},
  year		= {2021}
}

@InProceedings{	  li-etal-2018-delete,
  title		= "Delete, Retrieve, Generate: a Simple Approach to Sentiment
		  and Style Transfer",
  author	= "Li, Juncen and Jia, Robin and He, He and Liang, Percy",
  booktitle	= "Proceedings of the 2018 Conference of the North {A}merican
		  Chapter of the Association for Computational Linguistics:
		  Human Language Technologies, Volume 1 (Long Papers)",
  month		= jun,
  year		= "2018",
  address	= "New Orleans, Louisiana",
  publisher	= "Association for Computational Linguistics",
  url		= "https://www.aclweb.org/anthology/N18-1169",
  doi		= "10.18653/v1/N18-1169",
  pages		= "1865--1874"
}

@InProceedings{	  li2016diversity,
  title		= "A Diversity-Promoting Objective Function for Neural
		  Conversation Models",
  author	= "Li, Jiwei and Galley, Michel and Brockett, Chris and Gao,
		  Jianfeng and Dolan, Bill",
  booktitle	= "Proceedings of the 2016 Conference of the North {A}merican
		  Chapter of the Association for Computational Linguistics:
		  Human Language Technologies",
  month		= jun,
  year		= "2016",
  address	= "San Diego, California",
  publisher	= "Association for Computational Linguistics",
  url		= "https://www.aclweb.org/anthology/N16-1014",
  doi		= "10.18653/v1/N16-1014",
  pages		= "110--119"
}

@InProceedings{	  li2016mutual,
  title		= {Mutual information and diverse decoding improve neural
		  machine translation},
  author	= {Li, Jiwei and Jurafsky, Dan},
  journal	= {arXiv preprint arXiv:1601.00372},
  year		= {2016}
}

@InProceedings{	  li2016simple,
  title		= {A simple, fast diverse decoding algorithm for neural
		  generation},
  author	= {Li, Jiwei and Monroe, Will and Jurafsky, Dan},
  journal	= {arXiv preprint arXiv:1611.08562},
  year		= {2016}
}

@Article{	  li2017adversarial,
  title		= {Adversarial learning for neural dialogue generation},
  author	= {Li, Jiwei and Monroe, Will and Shi, Tianlin and Jean,
		  S{\'e}bastien and Ritter, Alan and Jurafsky, Dan},
  journal	= {arXiv preprint arXiv:1701.06547},
  year		= {2017}
}

@Article{	  li2021prefix,
  title		= {Prefix-Tuning: Optimizing Continuous Prompts for
		  Generation},
  author	= {Li, Xiang Lisa and Liang, Percy},
  journal	= {arXiv preprint arXiv:2101.00190},
  year		= {2021}
}

@InProceedings{	  lin2004rouge,
  title		= "{ROUGE}: A Package for Automatic Evaluation of Summaries",
  author	= "Lin, Chin-Yew",
  booktitle	= "Text Summarization Branches Out: Proceedings of the
		  {ACL}-04 Workshop",
  month		= jul,
  year		= "2004",
  address	= "Barcelona, Spain",
  publisher	= "Association for Computational Linguistics",
  url		= "https://www.aclweb.org/anthology/W04-1013",
  pages		= "74--81"
}

@InProceedings{	  lin2014microsoft,
  title		= {Microsoft coco: Common objects in context},
  author	= {Lin, Tsung-Yi and Maire, Michael and Belongie, Serge and
		  Hays, James and Perona, Pietro and Ramanan, Deva and
		  Doll{\'a}r, Piotr and Zitnick, C Lawrence},
  booktitle	= {European conference on computer vision},
  pages		= {740--755},
  year		= {2014},
  organization	= {Springer},
  url		= {https://link.springer.com/chapter/10.1007/978-3-319-10602-1_48}
}

@InProceedings{	  lin2017adversarial,
  title		= {Adversarial ranking for language generation},
  author	= {Lin, Kevin and Li, Dianqi and He, Xiaodong and Zhang,
		  Zhengyou and Sun, Ming-Ting},
  booktitle	= {Advances in Neural Information Processing Systems},
  pages		= {3155--3165},
  year		= {2017}
}

@InProceedings{	  lin2019entropy,
  title		= {Entropy-Enhanced Multimodal Attention Model for
		  Scene-Aware Dialogue Generation},
  author	= {Lin, Kuan-Yen and Hsu, Chao-Chun and Chen, Yun-Nung and
		  Ku, Lun-Wei},
  booktitle	= {DSTC7 at AAAI2019 workshop},
  year		= {2019}
}

@InProceedings{	  lin2020commongen,
  title		= {CommonGen: A Constrained Text Generation Challenge for
		  Generative Commonsense Reasoning},
  author	= {Lin, Bill Yuchen and Zhou, Wangchunshu and Shen, Ming and
		  Zhou, Pei and Bhagavatula, Chandra and Choi, Yejin and Ren,
		  Xiang},
  booktitle	= {Proceedings of the 2020 Conference on Empirical Methods in
		  Natural Language Processing: Findings},
  pages		= {1823--1840},
  year		= {2020}
}

@Article{	  linzen2020can,
  title		= {How can we accelerate progress towards human-like
		  linguistic generalization?},
  author	= {Linzen, Tal},
  journal	= {arXiv preprint arXiv:2005.00955},
  year		= {2020}
}

@InProceedings{	  liu2016not,
  title		= "How {NOT} To Evaluate Your Dialogue System: An Empirical
		  Study of Unsupervised Evaluation Metrics for Dialogue
		  Response Generation",
  author	= "Liu, Chia-Wei and Lowe, Ryan and Serban, Iulian and
		  Noseworthy, Mike and Charlin, Laurent and Pineau, Joelle",
  booktitle	= "Proceedings of the 2016 Conference on Empirical Methods in
		  Natural Language Processing",
  month		= nov,
  year		= "2016",
  address	= "Austin, Texas",
  publisher	= "Association for Computational Linguistics",
  url		= "https://www.aclweb.org/anthology/D16-1230",
  doi		= "10.18653/v1/D16-1230",
  pages		= "2122--2132"
}

@Article{	  liu2018generating,
  title		= {Generating wikipedia by summarizing long sequences},
  author	= {Liu, Peter J and Saleh, Mohammad and Pot, Etienne and
		  Goodrich, Ben and Sepassi, Ryan and Kaiser, Lukasz and
		  Shazeer, Noam},
  journal	= {arXiv preprint arXiv:1801.10198},
  year		= {2018}
}

@InProceedings{	  liu2020revision,
  title		= {Revision in continuous space: Unsupervised text style
		  transfer without adversarial learning},
  author	= {Liu, Dayiheng and Fu, Jie and Zhang, Yidan and Pal, Chris
		  and Lv, Jiancheng},
  booktitle	= {Proceedings of the AAAI Conference on Artificial
		  Intelligence},
  volume	= {34},
  number	= {05},
  pages		= {8376--8383},
  year		= {2020},
  url		= {https://arxiv.org/abs/1905.12304}
}

@Article{	  liu2021pre,
  title		= {Pre-train, prompt, and predict: A systematic survey of
		  prompting methods in natural language processing},
  author	= {Liu, Pengfei and Yuan, Weizhe and Fu, Jinlan and Jiang,
		  Zhengbao and Hayashi, Hiroaki and Neubig, Graham},
  journal	= {arXiv preprint arXiv:2107.13586},
  year		= {2021},
  url		= {https://arxiv.org/pdf/2107.13586.pdf}
}

@InProceedings{	  lowe2017towards,
  title		= {Towards an Automatic Turing Test: Learning to Evaluate
		  Dialogue Responses},
  author	= {Lowe, Ryan and Noseworthy, Michael and Serban, Iulian Vlad
		  and Angelard-Gontier, Nicolas and Bengio, Yoshua and
		  Pineau, Joelle},
  booktitle	= {Proceedings of the 55th Annual Meeting of the Association
		  for Computational Linguistics (Volume 1: Long Papers)},
  pages		= {1116--1126},
  year		= {2017}
}

@InProceedings{	  luo19dualrl,
  author	= {Fuli Luo and Peng Li and Jie Zhou and Pengcheng Yang and
		  Baobao Chang and Zhifang Sui and Xu Sun},
  title		= {A Dual Reinforcement Learning Framework for Unsupervised
		  Text Style Transfer},
  booktitle	= {Proceedings of the 28th International Joint Conference on
		  Artificial Intelligence, {IJCAI} 2019},
  year		= {2019}
}

@Misc{		  luo2017,
  author	= {Ruotian Luo},
  title		= {An Image Captioning codebase in PyTorch},
  year		= {2017},
  publisher	= {GitHub},
  journal	= {GitHub repository},
  howpublished	= {\url{https://github.com/ruotianluo/ImageCaptioning.pytorch}}
}

@Article{	  luong2014addressing,
  title		= {Addressing the rare word problem in neural machine
		  translation},
  author	= {Luong, Minh-Thang and Sutskever, Ilya and Le, Quoc V and
		  Vinyals, Oriol and Zaremba, Wojciech},
  journal	= {arXiv preprint arXiv:1410.8206},
  year		= {2014}
}

@Article{	  luong2015effective,
  title		= {Effective approaches to attention-based neural machine
		  translation},
  author	= {Luong, Minh-Thang and Pham, Hieu and Manning, Christopher
		  D},
  journal	= {arXiv preprint arXiv:1508.04025},
  year		= {2015}
}

@InProceedings{	  luong2015effectiveat,
  author	= "Luong, Thang and Pham, Hieu and Manning, Christopher D.",
  title		= {{Effective Approaches to Attention-based Neural Machine
		  Translation}},
  booktitle	= "Proceedings of the 2015 Conference on Empirical Methods in
		  Natural Language Processing ",
  year		= "2015",
  pages		= "1412--1421",
  address	= "Lisbon, Portugal",
  url		= {https://aclweb.org/anthology/D15-1166}
}

@InProceedings{	  madaan-etal-2020-politeness,
  title		= "Politeness Transfer: A Tag and Generate Approach",
  author	= "Madaan, Aman and Setlur, Amrith and Parekh, Tanmay and
		  Poczos, Barnabas and Neubig, Graham and Yang, Yiming and
		  Salakhutdinov, Ruslan and Black, Alan W and Prabhumoye,
		  Shrimai",
  booktitle	= "Proceedings of the 58th Annual Meeting of the Association
		  for Computational Linguistics",
  month		= jul,
  year		= "2020",
  address	= "Online",
  publisher	= "Association for Computational Linguistics",
  url		= "https://www.aclweb.org/anthology/2020.acl-main.169",
  doi		= "10.18653/v1/2020.acl-main.169",
  pages		= "1869--1881"
}

@Article{	  manber1993suffix,
  title		= {Suffix arrays: a new method for on-line string searches},
  author	= {Manber, Udi and Myers, Gene},
  journal	= {siam Journal on Computing},
  volume	= {22},
  number	= {5},
  pages		= {935--948},
  year		= {1993},
  publisher	= {SIAM}
}

@Article{	  mao2019improving,
  title		= {Improving neural story generation by targeted common sense
		  grounding},
  author	= {Mao, Huanru Henry and Majumder, Bodhisattwa Prasad and
		  McAuley, Julian and Cottrell, Garrison W},
  journal	= {arXiv preprint arXiv:1908.09451},
  year		= {2019}
}

@Article{	  marcus1993building,
  title		= {Building a large annotated corpus of English: The Penn
		  Treebank},
  author	= {Marcus, Mitchell and Santorini, Beatrice and
		  Marcinkiewicz, Mary Ann},
  year		= {1993}
}

@InProceedings{	  mayhew2020simultaneous,
  title		= {Simultaneous translation and paraphrase for language
		  education},
  author	= {Mayhew, Stephen and Bicknell, Klinton and Brust, Chris and
		  McDowell, Bill and Monroe, Will and Settles, Burr},
  booktitle	= {Proceedings of the Fourth Workshop on Neural Generation
		  and Translation},
  pages		= {232--243},
  year		= {2020}
}

@InProceedings{	  mcdonald-pustejovsky-1985-computational,
  title		= "A Computational Theory of Prose Style for Natural Language
		  Generation",
  author	= "McDonald, David D. and Pustejovsky, James D.",
  booktitle	= "Second Conference of the {E}uropean Chapter of the
		  Association for Computational Linguistics",
  month		= mar,
  year		= "1985",
  address	= "Geneva, Switzerland",
  publisher	= "Association for Computational Linguistics",
  url		= "https://www.aclweb.org/anthology/E85-1027"
}

@Article{	  meng2015encoding,
  title		= {Encoding source language with convolutional neural network
		  for machine translation},
  author	= {Meng, Fandong and Lu, Zhengdong and Wang, Mingxuan and Li,
		  Hang and Jiang, Wenbin and Liu, Qun},
  journal	= {arXiv preprint arXiv:1503.01838},
  year		= {2015}
}

@Article{	  miculicich2019selecting,
  title		= {Selecting, Planning, and Rewriting: A Modular Approach for
		  Data-to-Document Generation and Translation},
  author	= {Miculicich, Lesly and Marone, Marc and Hassan, Hany},
  journal	= {EMNLP-IJCNLP 2019},
  pages		= {289},
  year		= {2019}
}

@InProceedings{	  mikolov2011empirical,
  title		= {Empirical evaluation and combination of advanced language
		  modeling techniques},
  author	= {Mikolov, Tom{\'a}{\v{s}} and Deoras, Anoop and Kombrink,
		  Stefan and Burget, Luk{\'a}{\v{s}} and {\v{C}}ernock{\`y}, Jan},
  booktitle	= {Twelfth annual conference of the international speech
		  communication association},
  year		= {2011}
}

@InProceedings{	  mikolov2013distributed,
  title		= {Distributed representations of words and phrases and their
		  compositionality},
  author	= {Mikolov, Tomas and Sutskever, Ilya and Chen, Kai and
		  Corrado, Greg S and Dean, Jeff},
  booktitle	= {Advances in neural information processing systems},
  pages		= {3111--3119},
  year		= {2013}
}

@InProceedings{	  mori2020finding,
  title		= {Finding and Generating a Missing Part for Story
		  Completion},
  author	= {Mori, Yusuke and Yamane, Hiroaki and Mukuta, Yusuke and
		  Harada, Tatsuya},
  booktitle	= {Proceedings of the The 4th Joint SIGHUM Workshop on
		  Computational Linguistics for Cultural Heritage, Social
		  Sciences, Humanities and Literature},
  pages		= {156--166},
  year		= {2020}
}

@InProceedings{	  mostafazadeh2016corpus,
  title		= "A Corpus and Cloze Evaluation for Deeper Understanding of
		  Commonsense Stories",
  author	= "Mostafazadeh, Nasrin and Chambers, Nathanael and He,
		  Xiaodong and Parikh, Devi and Batra, Dhruv and Vanderwende,
		  Lucy and Kohli, Pushmeet and Allen, James",
  booktitle	= "Proceedings of the 2016 Conference of the North {A}merican
		  Chapter of the Association for Computational Linguistics:
		  Human Language Technologies",
  month		= jun,
  year		= "2016",
  address	= "San Diego, California",
  publisher	= "Association for Computational Linguistics",
  url		= "https://www.aclweb.org/anthology/N16-1098",
  doi		= "10.18653/v1/N16-1098",
  pages		= "839--849"
}

@InProceedings{	  nallapati2016abstractivets,
  title		= {{Abstractive Text Summarization using Sequence-to-sequence
		  RNNs and Beyond}},
  author	= {Ramesh Nallapati and Bowen Zhou and C{\'i}cero Nogueira
		  dos Santos and Ãaglar G{\"u}lÃ§ehre and Bing Xiang},
  booktitle	= {Proceedings of The 20th SIGNLL Conference on Computational
		  Natural Language Learning (CoNLL) },
  year		= {2016},
  pages		= "280--290",
  location	= "Berlin, Germany"
}

@Article{	  neubig2017neural,
  title		= {Neural machine translation and sequence-to-sequence
		  models: A tutorial},
  author	= {Neubig, Graham},
  journal	= {arXiv preprint arXiv:1703.01619},
  year		= {2017}
}

@InProceedings{	  nips2017_2d2c8394,
  author	= {Shen, Tianxiao and Lei, Tao and Barzilay, Regina and
		  Jaakkola, Tommi},
  booktitle	= {Advances in Neural Information Processing Systems},
  editor	= {I. Guyon and U. V. Luxburg and S. Bengio and H. Wallach
		  and R. Fergus and S. Vishwanathan and R. Garnett},
  pages		= {},
  publisher	= {Curran Associates, Inc.},
  title		= {Style Transfer from Non-Parallel Text by Cross-Alignment},
  url		= {https://proceedings.neurips.cc/paper/2017/file/2d2c8394e31101a261abf1784302bf75-Paper.pdf},
  volume	= {30},
  year		= {2017}
}

@InProceedings{	  niven2019probing,
  title		= "Probing Neural Network Comprehension of Natural Language
		  Arguments",
  author	= "Niven, Timothy and Kao, Hung-Yu",
  booktitle	= "Proceedings of the 57th Annual Meeting of the Association
		  for Computational Linguistics",
  month		= jul,
  year		= "2019",
  address	= "Florence, Italy",
  publisher	= "Association for Computational Linguistics",
  url		= "https://www.aclweb.org/anthology/P19-1459",
  pages		= "4658--4664"
}

@InProceedings{	  nong2009linear,
  title		= {Linear suffix array construction by almost pure
		  induced-sorting},
  author	= {Nong, Ge and Zhang, Sen and Chan, Wai Hong},
  booktitle	= {2009 data compression conference},
  pages		= {193--202},
  year		= {2009},
  organization	= {IEEE}
}

@InProceedings{	  novikova2017we,
  title		= {Why We Need New Evaluation Metrics for NLG},
  author	= {Novikova, Jekaterina and Du{\v{s}}ek, Ond{\v{r}}ej and
		  Curry, Amanda Cercas and Rieser, Verena},
  booktitle	= {Proceedings of the 2017 Conference on Empirical Methods in
		  Natural Language Processing},
  pages		= {2241--2252},
  year		= {2017}
}

@InProceedings{	  opennmt,
  author	= {Guillaume Klein and Yoon Kim and Yuntian Deng and Jean
		  Senellart and Alexander M. Rush},
  title		= {Open{NMT}: Open-Source Toolkit for Neural Machine
		  Translation},
  booktitle	= {Proc. ACL},
  year		= {2017},
  url		= {https://doi.org/10.18653/v1/P17-4012},
  doi		= {10.18653/v1/P17-4012}
}

@InProceedings{	  papineni2001bleu,
  title		= {Bleu: a Method for Automatic Evaluation of Machine
		  Translation},
  author	= {Kishore Papineni and Salim Roukos and Todd Ward and
		  Wei-Jing Zhu},
  booktitle	= {Association for Computational Linguistics},
  year		= {2001},
  url		= {https://www.aclweb.org/anthology/P02-1040}
}

@InProceedings{	  papineni2002bleu,
  title		= {BLEU: a method for automatic evaluation of machine
		  translation},
  author	= {Papineni, Kishore and Roukos, Salim and Ward, Todd and
		  Zhu, Wei-Jing},
  booktitle	= {Proceedings of the 40th annual meeting on association for
		  computational linguistics},
  pages		= {311--318},
  year		= {2002},
  organization	= {Association for Computational Linguistics}
}

@Misc{		  patterson2021carbon,
  title		= {Carbon Emissions and Large Neural Network Training},
  author	= {David Patterson and Joseph Gonzalez and Quoc Le and Chen
		  Liang and Lluis-Miquel Munguia and Daniel Rothchild and
		  David So and Maud Texier and Jeff Dean},
  year		= {2021},
  eprint	= {2104.10350},
  archiveprefix	= {arXiv},
  primaryclass	= {cs.LG}
}

@InProceedings{	  pennington2014glove,
  author	= {Jeffrey Pennington and Richard Socher and Christopher D.
		  Manning},
  booktitle	= {Empirical Methods in Natural Language Processing (EMNLP)},
  title		= {GloVe: Global Vectors for Word Representation},
  year		= {2014},
  pages		= {1532--1543},
  url		= {http://www.aclweb.org/anthology/D14-1162}
}

@Article{	  pile,
  title		= {The {P}ile: An 800GB Dataset of Diverse Text for Language
		  Modeling},
  author	= {Gao, Leo and Biderman, Stella and Black, Sid and Golding,
		  Laurence and Hoppe, Travis and Foster, Charles and Phang,
		  Jason and He, Horace and Thite, Anish and Nabeshima, Noa
		  and Presser, Shawn and Leahy, Connor},
  journal	= {arXiv preprint arXiv:2101.00027},
  year		= {2020}
}

@InProceedings{	  prabhumoye-etal-2018-style,
  title		= "Style Transfer Through Back-Translation",
  author	= "Prabhumoye, Shrimai and Tsvetkov, Yulia and Salakhutdinov,
		  Ruslan and Black, Alan W",
  booktitle	= "Proceedings of the 56th Annual Meeting of the Association
		  for Computational Linguistics (Volume 1: Long Papers)",
  month		= jul,
  year		= "2018",
  address	= "Melbourne, Australia",
  publisher	= "Association for Computational Linguistics",
  url		= "https://www.aclweb.org/anthology/P18-1080",
  doi		= "10.18653/v1/P18-1080",
  pages		= "866--876"
}

@Article{	  puri2019zero,
  title		= {Zero-shot text classification with generative language
		  models},
  author	= {Puri, Raul and Catanzaro, Bryan},
  journal	= {arXiv preprint arXiv:1912.10165},
  year		= {2019},
  url		= {https://arxiv.org/abs/1912.10165}
}

@Article{	  radford2019language,
  title		= {Language models are unsupervised multitask learners},
  author	= {Radford, Alec and Wu, Jeffrey and Child, Rewon and Luan,
		  David and Amodei, Dario and Sutskever, Ilya},
  journal	= {OpenAI Blog},
  volume	= {1},
  number	= {8},
  year		= {2019}
}

###Article{	  radford2019language,
  title		= {Language models are unsupervised multitask learners},
  author	= {Radford, Alec and Wu, Jeffrey and Child, Rewon and Luan,
		  David and Amodei, Dario and Sutskever, Ilya},
  journal	= {OpenAI blog},
  volume	= {1},
  number	= {8},
  pages		= {9},
  year		= {2019}
}

@Article{	  raffel2019exploring,
  title		= {Exploring the limits of transfer learning with a unified
		  text-to-text transformer},
  author	= {Raffel, Colin and Shazeer, Noam and Roberts, Adam and Lee,
		  Katherine and Narang, Sharan and Matena, Michael and Zhou,
		  Yanqi and Li, Wei and Liu, Peter J},
  journal	= {arXiv preprint arXiv:1910.10683},
  year		= {2019}
}

###Article{	  raffel2019exploring,
  title		= {Exploring the limits of transfer learning with a unified
		  text-to-text transformer},
  author	= {Raffel, Colin and Shazeer, Noam and Roberts, Adam and Lee,
		  Katherine and Narang, Sharan and Matena, Michael and Zhou,
		  Yanqi and Li, Wei and Liu, Peter J},
  journal	= {arXiv preprint arXiv:1910.10683},
  year		= {2019}
}

@InProceedings{	  rao-tetreault-2018-dear,
  title		= "Dear Sir or Madam, May {I} Introduce the {GYAFC} Dataset:
		  Corpus, Benchmarks and Metrics for Formality Style
		  Transfer",
  author	= "Rao, Sudha and Tetreault, Joel",
  booktitle	= "Proceedings of the 2018 Conference of the North {A}merican
		  Chapter of the Association for Computational Linguistics:
		  Human Language Technologies, Volume 1 (Long Papers)",
  month		= jun,
  year		= "2018",
  address	= "New Orleans, Louisiana",
  publisher	= "Association for Computational Linguistics",
  url		= "https://www.aclweb.org/anthology/N18-1012",
  doi		= "10.18653/v1/N18-1012",
  pages		= "129--140"
}

@Article{	  reif2021recipe,
  title		= {A recipe for arbitrary text style transfer with large
		  language models},
  author	= {Reif, Emily and Ippolito, Daphne and Yuan, Ann and Coenen,
		  Andy and Callison-Burch, Chris and Wei, Jason},
  journal	= {arXiv preprint arXiv:2109.03910},
  year		= {2021}
}

@Article{	  reiter1997building,
  title		= {Building applied natural language generation systems},
  author	= {Reiter, Ehud and Dale, Robert},
  journal	= {Natural Language Engineering},
  volume	= {3},
  number	= {1},
  pages		= {57--87},
  year		= {1997},
  publisher	= {Cambridge University Press}
}

@Misc{		  reynolds2021prompt,
  title		= {Prompt Programming for Large Language Models: Beyond the
		  Few-Shot Paradigm},
  author	= {Laria Reynolds and Kyle McDonell},
  year		= {2021},
  eprint	= {2102.07350},
  archiveprefix	= {arXiv},
  primaryclass	= {cs.CL}
}

@Article{	  roberts2020exploring,
  title		= {Exploring Transfer Learning with T5: The Text-To-Text
		  Transfer Transformer},
  author	= {Roberts, A and Raffel, C},
  journal	= {Google AI Blog},
  year		= {2020},
  url		= {https://ai.googleblog.com/2020/02/exploring-transfer-learning-with-t5.html}
}

@Article{	  roemmele2021inspiration,
  title		= {Inspiration through Observation: Demonstrating the
		  Influence of Automatically Generated Text on Creative
		  Writing},
  author	= {Roemmele, Melissa},
  booktitle	= {Proceedings of the 12th International Conference on
		  Computational Creativity},
  pages		= {52--461},
  year		= {2021},
  url		= {https://computationalcreativity.net/iccc21/wp-content/uploads/2021/09/ICCC_2021_paper_32.pdf}
}

@InProceedings{	  sakaguchi-van-durme-2018-efficient,
  title		= "Efficient Online Scalar Annotation with Bounded Support",
  author	= "Sakaguchi, Keisuke and Van Durme, Benjamin",
  booktitle	= "Proceedings of the 56th Annual Meeting of the Association
		  for Computational Linguistics (Volume 1: Long Papers)",
  month		= jul,
  year		= "2018",
  address	= "Melbourne, Australia",
  publisher	= "Association for Computational Linguistics",
  url		= "https://www.aclweb.org/anthology/P18-1020",
  doi		= "10.18653/v1/P18-1020",
  pages		= "208--218"
}

@InProceedings{	  schick-schutze-2021-just,
  title		= "It{'}s Not Just Size That Matters: Small Language Models
		  Are Also Few-Shot Learners",
  author	= {Schick, Timo and Sch{\"u}tze, Hinrich},
  booktitle	= "Proceedings of the 2021 Conference of the North American
		  Chapter of the Association for Computational Linguistics:
		  Human Language Technologies",
  month		= jun,
  year		= "2021",
  address	= "Online",
  publisher	= "Association for Computational Linguistics",
  url		= "https://www.aclweb.org/anthology/2021.naacl-main.185",
  pages		= "2339--2352"
}

@Article{	  schuster2018cross,
  title		= {Cross-lingual Transfer Learning for Multilingual Task
		  Oriented Dialog},
  author	= {Schuster, Sebastian and Gupta, Sonal and Shah, Rushin and
		  Lewis, Mike},
  journal	= {arXiv preprint arXiv:1810.13327},
  year		= {2018}
}

@Article{	  schuster2019we,
  title		= {Are We Safe Yet? The Limitations of Distributional
		  Features for Fake News Detection},
  author	= {Schuster, Tal and Schuster, Roei and Shah, Darsh J and
		  Barzilay, Regina},
  journal	= {arXiv preprint arXiv:1908.09805},
  year		= {2019}
}

@InProceedings{	  sedoc2018chateval,
  author	= {Sedoc, Jo{\~a}o and Ippolito, Daphne and Kirubarajan, Arun
		  and Thirani, Jai and Ungar, Lyle and Callison-Burch, Chris},
  title		= {ChatEval: A Tool for the Systematic Evaluation of
		  Chatbots},
  booktitle	= {Proceedings of the Workshop on Intelligent Interactive
		  Systems and Language Generation (2IS{\&}NLG)},
  year		= {2018},
  publisher	= "Association for Computational Linguistics",
  pages		= "42--44"
}

@InProceedings{	  see2019massively,
  title		= {Do Massively Pretrained Language Models Make Better
		  Storytellers?},
  author	= {See, Abigail and Pappu, Aneesh and Saxena, Rohun and
		  Yerukola, Akhila and Manning, Christopher D},
  booktitle	= {Proceedings of the 23rd Conference on Computational
		  Natural Language Learning (CoNLL)},
  pages		= {843--861},
  year		= {2019}
}

@Article{	  sennrich2015neural,
  title		= {Neural machine translation of rare words with subword
		  units},
  author	= {Sennrich, Rico and Haddow, Barry and Birch, Alexandra},
  journal	= {arXiv preprint arXiv:1508.07909},
  year		= {2015}
}

@InProceedings{	  sennrich2016neural,
  title		= "Neural Machine Translation of Rare Words with Subword
		  Units",
  author	= "Sennrich, Rico and Haddow, Barry and Birch, Alexandra",
  booktitle	= "Proceedings of the 54th Annual Meeting of the Association
		  for Computational Linguistics (Volume 1: Long Papers)",
  month		= aug,
  year		= "2016",
  address	= "Berlin, Germany",
  publisher	= "Association for Computational Linguistics",
  url		= "https://www.aclweb.org/anthology/P16-1162",
  doi		= "10.18653/v1/P16-1162",
  pages		= "1715--1725"
}

@InProceedings{	  serban2017hierarchical,
  author	= {Serban, Iulian Vlad and Sordoni, Alessandro and Lowe, Ryan
		  and Charlin, Laurent and Pineau, Joelle and Courville,
		  Aaron and Bengio, Yoshua},
  title		= {A Hierarchical Latent Variable Encoder-decoder Model for
		  Generating Dialogues},
  booktitle	= {Proceedings of the Thirty-First AAAI Conference on
		  Artificial Intelligence},
  series	= {AAAI'17},
  year		= {2017},
  location	= {San Francisco, California, USA},
  pages		= {3295--3301},
  numpages	= {7},
  url		= {http://dl.acm.org/citation.cfm?id=3298023.3298047},
  acmid		= {3298047},
  publisher	= {AAAI Press}
}

@Article{	  sermanet2013overfeat,
  title		= {Overfeat: Integrated recognition, localization and
		  detection using convolutional networks},
  author	= {Sermanet, Pierre and Eigen, David and Zhang, Xiang and
		  Mathieu, Micha{\"e}l and Fergus, Rob and LeCun, Yann},
  journal	= {arXiv preprint arXiv:1312.6229},
  year		= {2013}
}

@Article{	  shaw2018self,
  title		= {Self-attention with relative position representations},
  author	= {Shaw, Peter and Uszkoreit, Jakob and Vaswani, Ashish},
  journal	= {arXiv preprint arXiv:1803.02155},
  year		= {2018}
}

@InProceedings{	  shazeer2018adafactor,
  title		= {Adafactor: Adaptive learning rates with sublinear memory
		  cost},
  author	= {Shazeer, Noam and Stern, Mitchell},
  booktitle	= {International Conference on Machine Learning},
  pages		= {4596--4604},
  year		= {2018},
  organization	= {PMLR}
}

@Article{	  sheng2020towards,
  title		= {Towards controllable biases in language generation},
  author	= {Sheng, Emily and Chang, Kai-Wei and Natarajan, Premkumar
		  and Peng, Nanyun},
  journal	= {arXiv preprint arXiv:2005.00268},
  year		= {2020}
}

@Article{	  shoeybi2019megatron,
  title		= {Megatron-lm: Training multi-billion parameter language
		  models using model parallelism},
  author	= {Shoeybi, Mohammad and Patwary, Mostofa and Puri, Raul and
		  LeGresley, Patrick and Casper, Jared and Catanzaro, Bryan},
  journal	= {arXiv preprint arXiv:1909.08053},
  year		= {2019}
}

@InProceedings{	  shokri2017membership,
  title		= {Membership inference attacks against machine learning
		  models},
  author	= {Shokri, Reza and Stronati, Marco and Song, Congzheng and
		  Shmatikov, Vitaly},
  booktitle	= {2017 IEEE Symposium on Security and Privacy (SP)},
  pages		= {3--18},
  year		= {2017},
  organization	= {IEEE}
}

@Article{	  solaiman2019release,
  title		= {Release Strategies and the Social Impacts of Language
		  Models},
  author	= {Solaiman, Irene and Brundage, Miles and Clark, Jack and
		  Askell, Amanda and Herbert-Voss, Ariel and Wu, Jeff and
		  Radford, Alec and Wang, Jasmine},
  journal	= {arXiv preprint arXiv:1908.09203},
  year		= {2019}
}

@InProceedings{	  stephenson2021geometry,
  title		= {On the geometry of generalization and memorization in deep
		  neural networks},
  author	= {Stephenson, Cory and Padhy, Suchismita and Ganesh, Abhinav
		  and Hui, Yue and Tang, Hanlin and Chung, SueYeon},
  booktitle	= {International Conference on Learning Representations},
  year		= {2021}
}

@Misc{		  strubell2019energy,
  title		= {Energy and Policy Considerations for Deep Learning in
		  NLP},
  author	= {Emma Strubell and Ananya Ganesh and Andrew McCallum},
  year		= {2019},
  eprint	= {1906.02243},
  archiveprefix	= {arXiv},
  primaryclass	= {cs.CL}
}

@InProceedings{	  style-transfer-as-paraphrase-2020,
  title		= "Reformulating Unsupervised Style Transfer as Paraphrase
		  Generation",
  author	= "Krishna, Kalpesh and Wieting, John and Iyyer, Mohit",
  booktitle	= "Proceedings of the 2020 Conference on Empirical Methods in
		  Natural Language Processing (EMNLP)",
  month		= nov,
  year		= "2020",
  address	= "Online",
  publisher	= "Association for Computational Linguistics",
  url		= "https://www.aclweb.org/anthology/2020.emnlp-main.55",
  doi		= "10.18653/v1/2020.emnlp-main.55",
  pages		= "737--762"
}

@InProceedings{	  sudhakar-etal-2019-transforming,
  title		= "{``}{T}ransforming{''} Delete, Retrieve, Generate Approach
		  for Controlled Text Style Transfer",
  author	= "Sudhakar, Akhilesh and Upadhyay, Bhargav and Maheswaran,
		  Arjun",
  booktitle	= "Proceedings of the 2019 Conference on Empirical Methods in
		  Natural Language Processing and the 9th International Joint
		  Conference on Natural Language Processing (EMNLP-IJCNLP)",
  month		= nov,
  year		= "2019",
  address	= "Hong Kong, China",
  publisher	= "Association for Computational Linguistics",
  url		= "https://www.aclweb.org/anthology/D19-1322",
  doi		= "10.18653/v1/D19-1322",
  pages		= "3269--3279"
}

@Article{	  sundermeyer2014translation,
  title		= "Translation Modeling with Bidirectional Recurrent Neural
		  Networks",
  author	= "Sundermeyer, Martin and Alkhouli, Tamer and Wuebker, Joern
		  and Ney, Hermann",
  booktitle	= "Proceedings of the 2014 Conference on Empirical Methods in
		  Natural Language Processing ({EMNLP})",
  month		= oct,
  year		= "2014",
  address	= "Doha, Qatar",
  publisher	= "Association for Computational Linguistics",
  url		= "https://www.aclweb.org/anthology/D14-1003",
  doi		= "10.3115/v1/D14-1003",
  pages		= "14--25"
}

@InCollection{	  sutskever2014sequence,
  title		= {Sequence to Sequence Learning with Neural Networks},
  author	= {Sutskever, Ilya and Vinyals, Oriol and Le, Quoc V},
  booktitle	= {Advances in Neural Information Processing Systems 27},
  editor	= {Z. Ghahramani and M. Welling and C. Cortes and N. D.
		  Lawrence and K. Q. Weinberger},
  pages		= {3104--3112},
  year		= {2014},
  publisher	= {Curran Associates, Inc.},
  url		= {http://papers.nips.cc/paper/5346-sequence-to-sequence-learning-with-neural-networks.pdf}
}

@InProceedings{	  sutskever2014sequencets,
  title		= {{Sequence to Sequence Learning with Neural Networks}},
  author	= {Ilya Sutskever and Oriol Vinyals and Quoc V. Le},
  booktitle	= {Neural Information Processing Systems},
  address	= {Montreal, Canada},
  year		= {2014},
  url		= {https://papers.nips.cc/paper/5346-sequence-to-sequence-learning-with-neural-networks.pdf}
}

@Article{	  t52020,
  author	= {Colin Raffel and Noam Shazeer and Adam Roberts and
		  Katherine Lee and Sharan Narang and Michael Matena and
		  Yanqi Zhou and Wei Li and Peter J. Liu},
  title		= {Exploring the Limits of Transfer Learning with a Unified
		  Text-to-Text Transformer},
  journal	= {Journal of Machine Learning Research},
  year		= {2020},
  volume	= {21},
  number	= {140},
  pages		= {1-67},
  url		= {http://jmlr.org/papers/v21/20-074.html}
}

@InProceedings{	  tam2019clustered,
  title		= {Cluster-based Beam Search for Pointer-Generator Chatbot
		  Grounded by Knowledge},
  author	= {Yik-Cheung Tam and Jiachen Ding and Cheng Niu and Jie
		  Zhou},
  booktitle	= {Dialog System Technology Challenges 7 at AAAI 2019},
  year		= {2019}
}

@Article{	  tatsunori2019unifying,
  author	= {Tatsunori B. Hashimoto and Hugh Zhang and Percy Liang},
  title		= {Unifying Human and Statistical Evaluation for Natural
		  Language Generation},
  journal	= {CoRR},
  volume	= {abs/1904.02792},
  year		= {2019},
  url		= {http://arxiv.org/abs/1904.02792},
  archiveprefix	= {arXiv},
  eprint	= {1904.02792},
  timestamp	= {Wed, 24 Apr 2019 12:21:25 +0200},
  biburl	= {https://dblp.org/rec/bib/journals/corr/abs-1904-02792},
  bibsource	= {dblp computer science bibliography, https://dblp.org}
}

@Article{	  taylor1953cloze,
  title		= {“Cloze procedure”: A new tool for measuring
		  readability},
  author	= {Taylor, Wilson L},
  journal	= {Journalism Bulletin},
  volume	= {30},
  number	= {4},
  pages		= {415--433},
  year		= {1953},
  publisher	= {SAGE Publications Sage CA: Los Angeles, CA}
}

@InProceedings{	  teterwak2021understanding,
  title		= {Understanding invariance via feedforward inversion of
		  discriminatively trained classifiers},
  author	= {Teterwak, Piotr and Zhang, Chiyuan and Krishnan, Dilip and
		  Mozer, Michael C},
  booktitle	= {International Conference on Machine Learning},
  pages		= {10225--10235},
  year		= {2021},
  organization	= {PMLR}
}

@InProceedings{	  tiedemann2009news,
  title		= {News from OPUS-A collection of multilingual parallel
		  corpora with tools and interfaces},
  author	= {Tiedemann, J{\"o}rg},
  booktitle	= {Recent advances in natural language processing},
  volume	= {5},
  pages		= {237--248},
  year		= {2009}
}

@Article{	  trinh2018simple,
  title		= {A simple method for commonsense reasoning},
  author	= {Trinh, Trieu H and Le, Quoc V},
  journal	= {arXiv preprint arXiv:1806.02847},
  year		= {2018}
}

@Article{	  turing1950computing,
  title		= {Computing machinery and intelligence-AM Turing},
  author	= {Turing, Alan},
  journal	= {Mind},
  volume	= {59},
  number	= {236},
  pages		= {433},
  year		= {1950}
}

@InProceedings{	  van2019best,
  title		= {Best practices for the human evaluation of automatically
		  generated text},
  author	= {van der Lee, Chris and Gatt, Albert and van Miltenburg,
		  Emiel and Wubben, Sander and Krahmer, Emiel},
  booktitle	= {Proceedings of the 12th International Conference on
		  Natural Language Generation},
  pages		= {355--368},
  year		= {2019}
}

@Article{	  vargo2018agenda,
  title		= {The agenda-setting power of fake news: A big data analysis
		  of the online media landscape from 2014 to 2016},
  author	= {Vargo, Chris J and Guo, Lei and Amazeen, Michelle A},
  journal	= {New media \& society},
  volume	= {20},
  number	= {5},
  pages		= {2028--2049},
  year		= {2018},
  publisher	= {SAGE Publications Sage UK: London, England}
}

@InProceedings{	  vaswani2017attention,
  title		= {Attention is all you need},
  author	= {Vaswani, Ashish and Shazeer, Noam and Parmar, Niki and
		  Uszkoreit, Jakob and Jones, Llion and Gomez, Aidan N and
		  Kaiser, {\L}ukasz and Polosukhin, Illia},
  booktitle	= {Advances in neural information processing systems},
  pages		= {5998--6008},
  year		= {2017}
}

###Article{	  vaswani2017attention,
  title		= {Attention is all you need},
  author	= {Vaswani, Ashish and Shazeer, Noam and Parmar, Niki and
		  Uszkoreit, Jakob and Jones, Llion and Gomez, Aidan N and
		  Kaiser, Lukasz and Polosukhin, Illia},
  journal	= {arXiv preprint arXiv:1706.03762},
  year		= {2017}
}

@InProceedings{	  vaswani2017attentionia,
  title		= {{Attention Is All You Need}},
  author	= {Ashish Vaswani and Noam Shazeer and Niki Parmar and Jakob
		  Uszkoreit and Llion Jones and Aidan N. Gomez and Lukasz
		  Kaiser and Illia Polosukhin},
  booktitle	= {Neural Information Processing Systems},
  address	= {Long Beach, CA},
  year		= {2017},
  url		= {https://papers.nips.cc/paper/7181-attention-is-all-you-need.pdf}
}

@InProceedings{	  vedantam2015cider,
  title		= {CIDEr: Consensus-based image description evaluation},
  author	= {Ramakrishna Vedantam and C. Lawrence Zitnick and Devi
		  Parikh},
  journal	= {2015 IEEE Conference on Computer Vision and Pattern
		  Recognition},
  year		= {2015},
  pages		= {4566-4575},
  url		= {https://www.cv-foundation.org/openaccess/content_cvpr_2015/papers/Vedantam_CIDEr_Consensus-Based_Image_2015_CVPR_paper.pdf}
}

@InProceedings{	  versley2012not,
  title		= {Not just bigger: Towards better-quality Web corpora},
  author	= {Versley, Yannick and Panchenko, Yana},
  booktitle	= {Proceedings of the seventh Web as Corpus Workshop (WAC7)},
  pages		= {44--52},
  year		= {2012}
}

@InProceedings{	  vijayakumar2016diverse,
  title		= {Diverse beam search: Decoding diverse solutions from
		  neural sequence models},
  author	= {Vijayakumar, Ashwin K and Cogswell, Michael and Selvaraju,
		  Ramprasath R and Sun, Qing and Lee, Stefan and Crandall,
		  David and Batra, Dhruv},
  journal	= {arXiv preprint arXiv:1610.02424},
  year		= {2016}
}

@InProceedings{lee2021deduplicating,
  title={Deduplicating Training Data Makes Language Models Better},
  author={Lee, Katherine and Ippolito, Daphne and Nystrom, Andrew and Zhang, Chiyuan and Eck, Douglas and Callison-Burch, Chris and Carlini, Nicholas},
  journal={Proceedings of the 60th Annual Meeting of the Association for Computational Linguistics},
  year={2022}
}

@InProceedings{	  vinyals2015anc,
  title		= {A Neural Conversational Model},
  author	= {Oriol Vinyals and Quoc V. Le},
  journal	= {CoRR},
  year		= {2015},
  volume	= {abs/1506.05869},
  url		= {https://arxiv.org/pdf/1506.05869.pdf}
}

@Article{	  vinyals2015neural,
  title		= {A neural conversational model},
  author	= {Vinyals, Oriol and Le, Quoc},
  journal	= {arXiv preprint arXiv:1506.05869},
  year		= {2015}
}

@InProceedings{	  vinyals2015show,
  author	= {Vinyals, Oriol and Toshev, Alexander and Bengio, Samy and
		  Erhan, Dumitru},
  title		= {Show and Tell: A Neural Image Caption Generator},
  booktitle	= {The IEEE Conference on Computer Vision and Pattern
		  Recognition (CVPR)},
  month		= {June},
  year		= {2015}
}

@Article{	  vosoughi2018spread,
  title		= {The spread of true and false news online},
  author	= {Vosoughi, Soroush and Roy, Deb and Aral, Sinan},
  journal	= {Science},
  volume	= {359},
  number	= {6380},
  pages		= {1146--1151},
  year		= {2018},
  publisher	= {American Association for the Advancement of Science}
}

@Article{	  wallace2019universal,
  title		= {Universal adversarial triggers for attacking and analyzing
		  NLP},
  author	= {Wallace, Eric and Feng, Shi and Kandpal, Nikhil and
		  Gardner, Matt and Singh, Sameer},
  journal	= {arXiv preprint arXiv:1908.07125},
  year		= {2019}
}

@InProceedings{	  wang2012serf,
  title		= {Serf and turf: crowdturfing for fun and profit},
  author	= {Wang, Gang and Wilson, Christo and Zhao, Xiaohan and Zhu,
		  Yibo and Mohanlal, Manish and Zheng, Haitao and Zhao, Ben
		  Y},
  booktitle	= {Proceedings of the 21st international conference on World
		  Wide Web},
  pages		= {679--688},
  year		= {2012},
  organization	= {ACM}
}

@Article{	  wang2019controllable,
  title		= {Controllable unsupervised text attribute transfer via
		  editing entangled latent representation},
  author	= {Wang, Ke and Hua, Hang and Wan, Xiaojun},
  journal	= {arXiv preprint arXiv:1905.12926},
  year		= {2019}
}

@InProceedings{	  wang2019harnessing,
  title		= {Harnessing pre-trained neural networks with rules for
		  formality style transfer},
  author	= {Wang, Yunli and Wu, Yu and Mou, Lili and Li, Zhoujun and
		  Chao, Wenhan},
  booktitle	= {Proceedings of the 2019 Conference on Empirical Methods in
		  Natural Language Processing and the 9th International Joint
		  Conference on Natural Language Processing (EMNLP-IJCNLP)},
  pages		= {3564--3569},
  year		= {2019}
}

@Article{	  weidinger2021ethical,
  title		= {Ethical and social risks of harm from Language Models},
  author	= {Laura Weidinger and John Mellor and Maribeth Rauh and
		  Conor Griffin and Jonathan Uesato and Po-Sen Huang and Myra
		  Cheng and Mia Glaese and Borja Balle and Atoosa Kasirzadeh
		  and Zac Kenton and Sasha Brown and Will Hawkins and Tom
		  Stepleton and Courtney Biles and Abeba Birhane and Julia
		  Haas and Laura Rimell and Lisa Anne Hendricks and William
		  Isaac and Sean Legassick and Geoffrey Irving and Iason
		  Gabriel},
  journal	= {arXiv preprint arXiv:2112.04359},
  year		= {2021}
}

@InProceedings{	  weiner1973linear,
  title		= {Linear pattern matching algorithms},
  author	= {Weiner, Peter},
  booktitle	= {14th Annual Symposium on Switching and Automata Theory
		  (swat 1973)},
  pages		= {1--11},
  year		= {1973},
  organization	= {IEEE}
}

@InProceedings{	  weller-etal-2020-learning,
  title		= "Learning from Task Descriptions",
  author	= "Weller, Orion and Lourie, Nicholas and Gardner, Matt and
		  Peters, Matthew E.",
  booktitle	= "Proceedings of the 2020 Conference on Empirical Methods in
		  Natural Language Processing (EMNLP)",
  month		= nov,
  year		= "2020",
  address	= "Online",
  publisher	= "Association for Computational Linguistics",
  url		= "https://www.aclweb.org/anthology/2020.emnlp-main.105",
  doi		= "10.18653/v1/2020.emnlp-main.105",
  pages		= "1361--1375"
}

@InProceedings{	  wolf-etal-2020-transformers,
  title		= "Transformers: State-of-the-Art Natural Language
		  Processing",
  author	= "Thomas Wolf and Lysandre Debut and Victor Sanh and Julien
		  Chaumond and Clement Delangue and Anthony Moi and Pierric
		  Cistac and Tim Rault and Rémi Louf and Morgan Funtowicz
		  and Joe Davison and Sam Shleifer and Patrick von Platen and
		  Clara Ma and Yacine Jernite and Julien Plu and Canwen Xu
		  and Teven Le Scao and Sylvain Gugger and Mariama Drame and
		  Quentin Lhoest and Alexander M. Rush",
  booktitle	= "Proceedings of the 2020 Conference on Empirical Methods in
		  Natural Language Processing: System Demonstrations",
  month		= oct,
  year		= "2020",
  address	= "Online",
  publisher	= "Association for Computational Linguistics",
  url		= "https://www.aclweb.org/anthology/2020.emnlp-demos.6",
  pages		= "38--45"
}

@Article{	  wordcraft,
  title		= {Wordcraft: a Human-AI Collaborative Editor for Story
		  Writing},
  author	= {Coenen, Andy and Davis, Luke and Ippolito, Daphne and
		  Yuan, Ann and Reif, Emily},
  booktitle	= {Proceedings of the First Workshop on Bridging
		  Human–Computer Interaction and Natural Language
		  Processing},
  year		= {2021}
}

@Article{	  wu2016google,
  title		= {Google's neural machine translation system: Bridging the
		  gap between human and machine translation},
  author	= {Wu, Yonghui and Schuster, Mike and Chen, Zhifeng and Le,
		  Quoc V and Norouzi, Mohammad and Macherey, Wolfgang and
		  Krikun, Maxim and Cao, Yuan and Gao, Qin and Macherey,
		  Klaus and others},
  journal	= {arXiv preprint arXiv:1609.08144},
  year		= {2016}
}

@Article{	  wu2018smart,
  title		= {Smart compose: Using neural networks to help write
		  emails},
  author	= {Wu, Yonghui},
  journal	= {Google AI Blog},
  year		= {2018}
}

@InProceedings{	  xu-etal-2018-unpaired,
  title		= "Unpaired Sentiment-to-Sentiment Translation: A Cycled
		  Reinforcement Learning Approach",
  author	= "Xu, Jingjing and Sun, Xu and Zeng, Qi and Zhang, Xiaodong
		  and Ren, Xuancheng and Wang, Houfeng and Li, Wenjie",
  booktitle	= "Proceedings of the 56th Annual Meeting of the Association
		  for Computational Linguistics (Volume 1: Long Papers)",
  month		= jul,
  year		= "2018",
  address	= "Melbourne, Australia",
  publisher	= "Association for Computational Linguistics",
  url		= "https://www.aclweb.org/anthology/P18-1090",
  doi		= "10.18653/v1/P18-1090",
  pages		= "979--988"
}

@InProceedings{	  xu2018diversity,
  title		= {Diversity-Promoting GAN: A Cross-Entropy Based Generative
		  Adversarial Network for Diversified Text Generation},
  author	= {Xu, Jingjing and Ren, Xuancheng and Lin, Junyang and Sun,
		  Xu},
  booktitle	= {Proceedings of the 2018 Conference on Empirical Methods in
		  Natural Language Processing},
  pages		= {3940--3949},
  year		= {2018},
  url		= {https://www.aclweb.org/anthology/D18-1428}
}

@Article{	  xue2020mt5,
  title		= {mT5: A massively multilingual pre-trained text-to-text
		  transformer},
  author	= {Xue, Linting and Constant, Noah and Roberts, Adam and
		  Kale, Mihir and Al-Rfou, Rami and Siddhant, Aditya and
		  Barua, Aditya and Raffel, Colin},
  journal	= {arXiv preprint arXiv:2010.11934},
  year		= {2020}
}

@Article{	  yamamoto2001using,
  title		= {Using suffix arrays to compute term frequency and document
		  frequency for all substrings in a corpus},
  author	= {Yamamoto, Mikio and Church, Kenneth W},
  journal	= {Computational Linguistics},
  volume	= {27},
  number	= {1},
  pages		= {1--30},
  year		= {2001},
  publisher	= {MIT Press}
}

@Article{	  yang2017neuralmachine,
  title		= "Neural Machine Translation with Recurrent Attention
		  Modeling",
  author	= "Yang, Zichao and Hu, Zhiting and Deng, Yuntian and Dyer,
		  Chris and Smola, Alex",
  booktitle	= "Proceedings of the 15th Conference of the {E}uropean
		  Chapter of the Association for Computational Linguistics:
		  Volume 2, Short Papers",
  month		= apr,
  year		= "2017",
  address	= "Valencia, Spain",
  publisher	= "Association for Computational Linguistics",
  url		= "https://www.aclweb.org/anthology/E17-2061",
  pages		= "383--387"
}

@Article{	  zellers2019defending,
  title		= {Defending Against Neural Fake News},
  author	= {Zellers, Rowan and Holtzman, Ari and Rashkin, Hannah and
		  Bisk, Yonatan and Farhadi, Ali and Roesner, Franziska and
		  Choi, Yejin},
  journal	= {arXiv preprint arXiv:1905.12616},
  year		= {2019}
}

@Article{	  zeng2020style,
  title		= {Style example-guided text generation using generative
		  adversarial transformers},
  author	= {Zeng, Kuo-Hao and Shoeybi, Mohammad and Liu, Ming-Yu},
  journal	= {arXiv preprint arXiv:2003.00674},
  year		= {2020}
}

@Article{	  zeng2021pangualpha,
  title		= {PanGu-$\alpha$: Large-scale Autoregressive Pretrained
		  Chinese Language Models with Auto-parallel Computation},
  author	= {Wei Zeng and Xiaozhe Ren and Teng Su and Hui Wang and Yi
		  Liao and Zhiwei Wang and Xin Jiang and ZhenZhang Yang and
		  Kaisheng Wang and Xiaoda Zhang and Chen Li and Ziyan Gong
		  and Yifan Yao and Xinjing Huang and Jun Wang and Jianfeng
		  Yu and Qi Guo and Yue Yu and Yan Zhang and Jin Wang and
		  Hengtao Tao and Dasen Yan and Zexuan Yi and Fang Peng and
		  Fangqing Jiang and Han Zhang and Lingfeng Deng and Yehong
		  Zhang and Zhe Lin and Chao Zhang and Shaojie Zhang and
		  Mingyue Guo and Shanzhi Gu and Gaojun Fan and Yaowei Wang
		  and Xuefeng Jin and Qun Liu and Yonghong Tian},
  year		= {2021},
  journal	= {arXiv preprint arXiv:2104.12369}
}

@InProceedings{	  zhang2018generating,
  title		= {Generating informative and diverse conversational
		  responses via adversarial information maximization},
  author	= {Zhang, Yizhe and Galley, Michel and Gao, Jianfeng and Gan,
		  Zhe and Li, Xiujun and Brockett, Chris and Dolan, Bill},
  booktitle	= {Advances in Neural Information Processing Systems},
  pages		= {1815--1825},
  year		= {2018},
  url		= {https://papers.nips.cc/paper/7452-generating-informative-and-diverse-conversational-responses-via-adversarial-information-maximization.pdf}
}

@InProceedings{	  zhang2019bertscore,
  title		= {BERTScore: Evaluating Text Generation with BERT},
  author	= {Tianyi Zhang and Varsha Kishore and Felix Wu* and Kilian
		  Q. Weinberger and Yoav Artzi},
  booktitle	= {International Conference on Learning Representations},
  year		= {2020},
  url		= {https://openreview.net/forum?id=SkeHuCVFDr}
}

@Article{	  zhangcharacterlevelconvolutionalnetworks2015,
  archiveprefix	= {arXiv},
  eprinttype	= {arxiv},
  eprint	= {1509.01626},
  primaryclass	= {cs},
  title		= {Character-Level Convolutional Networks for Text
		  Classification},
  journal	= {Proceedings of the Conference on Neural Information
		  Processing Systems},
  author	= {Zhang, Xiang and Zhao, Junbo and LeCun, Yann},
  month		= sep,
  year		= {2015}
}

@Misc{		  zhao2021calibrate,
  title		= {Calibrate Before Use: Improving Few-Shot Performance of
		  Language Models},
  author	= {Tony Z. Zhao and Eric Wallace and Shi Feng and Dan Klein
		  and Sameer Singh},
  year		= {2021},
  eprint	= {2102.09690},
  archiveprefix	= {arXiv},
  primaryclass	= {cs.CL}
}

###Article{	  zhao2021calibrate,
  title		= {Calibrate before use: Improving few-shot performance of
		  language models},
  author	= {Zhao, Tony Z and Wallace, Eric and Feng, Shi and Klein,
		  Dan and Singh, Sameer},
  journal	= {arXiv preprint arXiv:2102.09690},
  year		= {2021}
}

@InProceedings{	  zhu-etal-2010-monolingual,
  title		= "A Monolingual Tree-based Translation Model for Sentence
		  Simplification",
  author	= "Zhu, Zhemin and Bernhard, Delphine and Gurevych, Iryna",
  booktitle	= "Proceedings of the 23rd International Conference on
		  Computational Linguistics (COLING 2010)",
  month		= aug,
  year		= "2010",
  address	= "Beijing, China",
  publisher	= "Coling 2010 Organizing Committee",
  url		= "https://www.aclweb.org/anthology/C10-1152",
  pages		= "1353--1361"
}

@InProceedings{	  zhu2015aligning,
  title		= {Aligning books and movies: Towards story-like visual
		  explanations by watching movies and reading books},
  author	= {Zhu, Yukun and Kiros, Ryan and Zemel, Rich and
		  Salakhutdinov, Ruslan and Urtasun, Raquel and Torralba,
		  Antonio and Fidler, Sanja},
  booktitle	= {Proceedings of the IEEE international conference on
		  computer vision},
  pages		= {19--27},
  year		= {2015}
}

@Article{	  zhu2019text,
  title		= {Text infilling},
  author	= {Zhu, Wanrong and Hu, Zhiting and Xing, Eric},
  journal	= {arXiv preprint arXiv:1901.00158},
  year		= {2019}
}
