@article{JMLR:v21:20-074,
  author  = {Colin Raffel and Noam Shazeer and Adam Roberts and Katherine Lee and Sharan Narang and Michael Matena and Yanqi Zhou and Wei Li and Peter J. Liu},
  title   = {Exploring the Limits of Transfer Learning with a Unified Text-to-Text Transformer},
  journal = {Journal of Machine Learning Research},
  year    = {2020},
  volume  = {21},
  number  = {140},
  pages   = {1-67},
  url     = {http://jmlr.org/papers/v21/20-074.html}
}

@article{anil2021large,
  title={Large-scale differentially private BERT},
  author={Anil, Rohan and Ghazi, Badih and Gupta, Vineet and Kumar, Ravi and Manurangsi, Pasin},
  journal={arXiv preprint arXiv:2108.01624},
  year={2021}
}

@article{zhang2021counterfactual,
  title={Counterfactual Memorization in Neural Language Models},
  author={Zhang, Chiyuan and Ippolito, Daphne and Lee, Katherine and Jagielski, Matthew and Tram{\`e}r, Florian and Carlini, Nicholas},
  journal={arXiv preprint arXiv:2112.12938},
  year={2021}
}

@inproceedings{NEURIPS2020_1457c0d6,
 author = {Brown, Tom and Mann, Benjamin and Ryder, Nick and Subbiah, Melanie and Kaplan, Jared D and Dhariwal, Prafulla and Neelakantan, Arvind and Shyam, Pranav and Sastry, Girish and Askell, Amanda and Agarwal, Sandhini and Herbert-Voss, Ariel and Krueger, Gretchen and Henighan, Tom and Child, Rewon and Ramesh, Aditya and Ziegler, Daniel and Wu, Jeffrey and Winter, Clemens and Hesse, Chris and Chen, Mark and Sigler, Eric and Litwin, Mateusz and Gray, Scott and Chess, Benjamin and Clark, Jack and Berner, Christopher and McCandlish, Sam and Radford, Alec and Sutskever, Ilya and Amodei, Dario},
 booktitle = {Advances in Neural Information Processing Systems},
 editor = {H. Larochelle and M. Ranzato and R. Hadsell and M. F. Balcan and H. Lin},
 pages = {1877--1901},
 publisher = {Curran Associates, Inc.},
 title = {Language Models are Few-Shot Learners},
 url = {https://proceedings.neurips.cc/paper/2020/file/1457c0d6bfcb4967418bfb8ac142f64a-Paper.pdf},
 volume = {33},
 year = {2020}
}


@inproceedings{devlin-etal-2019-bert,
    title = "{BERT}: Pre-training of Deep Bidirectional Transformers for Language Understanding",
    author = "Devlin, Jacob  and
      Chang, Ming-Wei  and
      Lee, Kenton  and
      Toutanova, Kristina",
    booktitle = "Proceedings of the 2019 Conference of the North {A}merican Chapter of the Association for Computational Linguistics: Human Language Technologies, Volume 1 (Long and Short Papers)",
    month = jun,
    year = "2019",
    address = "Minneapolis, Minnesota",
    publisher = "Association for Computational Linguistics",
    url = "https://aclanthology.org/N19-1423",
    doi = "10.18653/v1/N19-1423",
    pages = "4171--4186"
}


@article{DBLP:journals/corr/ChelbaMSGBK13,
  author    = {Ciprian Chelba and
               Tomas Mikolov and
               Mike Schuster and
               Qi Ge and
               Thorsten Brants and
               Phillipp Koehn},
  title     = {One Billion Word Benchmark for Measuring Progress in Statistical Language
               Modeling},
  journal   = {CoRR},
  volume    = {abs/1312.3005},
  year      = {2013},
  url       = {http://arxiv.org/abs/1312.3005},
  archivePrefix = {arXiv},
  eprint    = {1312.3005},
  timestamp = {Mon, 13 Aug 2018 16:46:16 +0200},
  biburl    = {https://dblp.org/rec/bib/journals/corr/ChelbaMSGBK13},
  bibsource = {dblp computer science bibliography, https://dblp.org}
}

@inproceedings{kingma2014adam,
  title={Adam: A method for stochastic optimization},
  author={Kingma, Diederik P and Ba, Jimmy},
  booktitle={The International Conference for Learning Representations},
  year={2015}
}

@inproceedings{vaswani2017attention,
  title={Attention is all you need},
  author={Vaswani, Ashish and Shazeer, Noam and Parmar, Niki and Uszkoreit, Jakob and Jones, Llion and Gomez, Aidan N and Kaiser, {\L}ukasz and Polosukhin, Illia},
  booktitle={Advances in neural information processing systems},
  pages={5998--6008},
  year={2017}
}

@inproceedings{zellers2019defending,
  title={Defending against neural fake news},
  author={Zellers, Rowan and Holtzman, Ari and Rashkin, Hannah and Bisk, Yonatan and Farhadi, Ali and Roesner, Franziska and Choi, Yejin},
  booktitle={Advances in Neural Information Processing Systems},
  year={2019}
}

@inproceedings{49029,
title = {Wiki-40B: Multilingual Language Model Dataset},
author = {Mandy Guo and Zihang Dai and Denny Vrandecic and Rami Al-Rfou},
year = {2020},
booktitle   = {LREC 2020}
}

@incollection{Bengio+chapter2007,
author = {Bengio, Yoshua and LeCun, Yann},
booktitle = {Large Scale Kernel Machines},
publisher = {MIT Press},
title = {Scaling Learning Algorithms Towards {AI}},
year = {2007}
}

@article{Hinton06,
author = {Hinton, Geoffrey E. and Osindero, Simon and Teh, Yee Whye},
journal = {Neural Computation},
pages = {1527--1554},
title = {A Fast Learning Algorithm for Deep Belief Nets},
volume = {18},
year = {2006}
}

@book{goodfellow2016deep,
title={Deep learning},
author={Goodfellow, Ian and Bengio, Yoshua and Courville, Aaron and Bengio, Yoshua},
volume={1},
year={2016},
publisher={MIT Press}
}

@inproceedings{thomas2020investigating,
  title={Investigating the impact of pre-trained word embeddings on memorization in neural networks},
  author={Thomas, Aleena and Adelani, David Ifeoluwa and Davody, Ali and Mogadala, Aditya and Klakow, Dietrich},
  booktitle={International Conference on Text, Speech, and Dialogue},
  pages={273--281},
  year={2020},
  organization={Springer}
}

@article{devlin2018bert,
  title={Bert: Pre-training of deep bidirectional transformers for language understanding},
  author={Devlin, Jacob and Chang, Ming-Wei and Lee, Kenton and Toutanova, Kristina},
  journal={arXiv preprint arXiv:1810.04805},
  year={2018}
}

@article{fedus2021switch,
  title={Switch transformers: Scaling to trillion parameter models with simple and efficient sparsity},
  author={Fedus, William and Zoph, Barret and Shazeer, Noam},
  journal={arXiv preprint arXiv:2101.03961},
  year={2021}
}


@article{hampel1974influence,
  title={The influence curve and its role in robust estimation},
  author={Hampel, Frank R},
  journal={Journal of the american statistical association},
  volume={69},
  number={346},
  pages={383--393},
  year={1974},
  publisher={Taylor \& Francis}
}

@inproceedings{ganju2018property,
  title={Property inference attacks on fully connected neural networks using permutation invariant representations},
  author={Ganju, Karan and Wang, Qi and Yang, Wei and Gunter, Carl A and Borisov, Nikita},
  booktitle={Proceedings of the 2018 ACM SIGSAC conference on computer and communications security},
  pages={619--633},
  year={2018}
}

@inproceedings{fredrikson2015model,
  title={Model inversion attacks that exploit confidence information and basic countermeasures},
  author={Fredrikson, Matt and Jha, Somesh and Ristenpart, Thomas},
  booktitle={Proceedings of the 22nd ACM SIGSAC conference on computer and communications security},
  pages={1322--1333},
  year={2015}
}


@article{dodge2021documenting,
  title={Documenting the english colossal clean crawled corpus},
  author={Dodge, Jesse and Sap, Maarten and Marasovic, Ana and Agnew, William and Ilharco, Gabriel and Groeneveld, Dirk and Gardner, Matt},
  journal={arXiv preprint arXiv:2104.08758},
  year={2021}
}

@article{2021dedup,
  author    = {Katherine Lee and
               Daphne Ippolito and
               Andrew Nystrom and
               Chiyuan Zhang and
               Douglas Eck and
               Chris Callison{-}Burch and
               Nicholas Carlini},
  title     = {Deduplicating Training Data Makes Language Models Better},
  journal   = {CoRR},
  volume    = {abs/2107.06499},
  year      = {2021},
  url       = {https://arxiv.org/abs/2107.06499},
  eprinttype = {arXiv},
  eprint    = {2107.06499},
  timestamp = {Wed, 21 Jul 2021 15:55:35 +0200},
  biburl    = {https://dblp.org/rec/journals/corr/abs-2107-06499.bib},
  bibsource = {dblp computer science bibliography, https://dblp.org}
}

@article{carlini2020extracting,
  title={Extracting training data from large language models},
  author={Carlini, Nicholas and Tramer, Florian and Wallace, Eric and Jagielski, Matthew and Herbert-Voss, Ariel and Lee, Katherine and Roberts, Adam and Brown, Tom and Song, Dawn and Erlingsson, Ulfar and others},
  journal={arXiv preprint arXiv:2012.07805},
  year={2020}
}

@inproceedings{feldman2020neural,
  title={What neural networks memorize and why: Discovering the long tail via influence estimation},
  author={Feldman, Vitaly and Zhang, Chiyuan},
  booktitle={Advances in Neural Information Processing Systems},
  year={2020}
}

@inproceedings{stephenson2021geometry,
  title={On the geometry of generalization and memorization in deep neural networks},
  author={Stephenson, Cory and Padhy, Suchismita and Ganesh, Abhinav and Hui, Yue and Tang, Hanlin and Chung, SueYeon},
  booktitle={International Conference on Learning Representations},
  year={2021}
}

@article{wallace2019universal,
  title={Universal adversarial triggers for attacking and analyzing NLP},
  author={Wallace, Eric and Feng, Shi and Kandpal, Nikhil and Gardner, Matt and Singh, Sameer},
  journal={arXiv preprint arXiv:1908.07125},
  year={2019}
}

@inproceedings{shokri2017membership,
  title={Membership inference attacks against machine learning models},
  author={Shokri, Reza and Stronati, Marco and Song, Congzheng and Shmatikov, Vitaly},
  booktitle={2017 IEEE Symposium on Security and Privacy (SP)},
  pages={3--18},
  year={2017},
  organization={IEEE}
}

@article{neyshabur2014search,
  title={In search of the real inductive bias: On the role of implicit regularization in deep learning},
  author={Neyshabur, Behnam and Tomioka, Ryota and Srebro, Nathan},
  journal={arXiv preprint arXiv:1412.6614},
  year={2014}
}

@article{collange2015numerical,
  title={Numerical reproducibility for the parallel reduction on multi-and many-core architectures},
  author={Collange, Sylvain and Defour, David and Graillat, Stef and Iakymchuk, Roman},
  journal={Parallel Computing},
  volume={49},
  pages={83--97},
  year={2015},
  publisher={Elsevier}
}

@article{squire2009memory,
  title={Memory and brain systems: 1969--2009},
  author={Squire, Larry R},
  journal={Journal of Neuroscience},
  volume={29},
  number={41},
  pages={12711--12716},
  year={2009},
  publisher={Soc Neuroscience}
}

@inproceedings{zhang2017understanding,
  title={Understanding deep learning requires rethinking generalization},
  author={Zhang, Chiyuan and Bengio, Samy and Hardt, Moritz and Recht, Benjamin and Vinyals, Oriol},
  booktitle={International Conference on Learning Representations (ICLR)},
  year={2017}
}

@article{bartlett2017spectrally,
  title={Spectrally-normalized margin bounds for neural networks},
  author={Bartlett, Peter and Foster, Dylan J and Telgarsky, Matus},
  journal={arXiv preprint arXiv:1706.08498},
  year={2017}
}

@article{neyshabur2017exploring,
  title={Exploring generalization in deep learning},
  author={Neyshabur, Behnam and Bhojanapalli, Srinadh and McAllester, David and Srebro, Nathan},
  journal={arXiv preprint arXiv:1706.08947},
  year={2017}
}

@inproceedings{golowich2018size,
  title={Size-independent sample complexity of neural networks},
  author={Golowich, Noah and Rakhlin, Alexander and Shamir, Ohad},
  booktitle={Conference On Learning Theory},
  pages={297--299},
  year={2018},
  organization={PMLR}
}

@article{zhao2018bias,
  title={Bias and generalization in deep generative models: An empirical study},
  author={Zhao, Shengjia and Ren, Hongyu and Yuan, Arianna and Song, Jiaming and Goodman, Noah and Ermon, Stefano},
  journal={arXiv preprint arXiv:1811.03259},
  year={2018}
}

@inproceedings{recht2019imagenet,
  title={Do imagenet classifiers generalize to imagenet?},
  author={Recht, Benjamin and Roelofs, Rebecca and Schmidt, Ludwig and Shankar, Vaishaal},
  booktitle={International Conference on Machine Learning},
  pages={5389--5400},
  year={2019},
  organization={PMLR}
}

@inproceedings{arpit2017closer,
  title={A closer look at memorization in deep networks},
  author={Arpit, Devansh and Jastrzebski, Stanislaw and Ballas, Nicolas and Krueger, David and Bengio, Emmanuel and Kanwal, Maxinder S and Maharaj, Tegan and Fischer, Asja and Courville, Aaron and Bengio, Yoshua and others},
  booktitle={International Conference on Machine Learning},
  pages={233--242},
  year={2017},
  organization={PMLR}
}

@book{tulving1983elements,
  title={Elements of episodic memory},
  author={Tulving, Endel},
  year={1983},
  publisher={Oxford University Press},
  isbn={9780198521259}
}

@misc{carlini2021membership,
      title={Membership Inference Attacks From First Principles}, 
      author={Nicholas Carlini and Steve Chien and Milad Nasr and Shuang Song and Andreas Terzis and Florian Tramer},
      year={2021},
      eprint={2112.03570},
      archivePrefix={arXiv},
      primaryClass={cs.CR}
}

@inproceedings{broder1997resemblance,
  title={On the resemblance and containment of documents},
  author={Broder, Andrei Z},
  booktitle={Proceedings. Compression and Complexity of SEQUENCES 1997 (Cat. No. 97TB100171)},
  pages={21--29},
  year={1997},
  organization={IEEE}
}

@article{toneva2018empirical,
  title={An empirical study of example forgetting during deep neural network learning},
  author={Toneva, Mariya and Sordoni, Alessandro and Combes, Remi Tachet des and Trischler, Adam and Bengio, Yoshua and Gordon, Geoffrey J},
  journal={arXiv preprint arXiv:1812.05159},
  year={2018}
}

@inproceedings{belkin2018understand,
  title={To understand deep learning we need to understand kernel learning},
  author={Belkin, Mikhail and Ma, Siyuan and Mandal, Soumik},
  booktitle={International Conference on Machine Learning},
  pages={541--549},
  year={2018},
  organization={PMLR}
}

@article{squire1992memory,
  title={Memory and the hippocampus: a synthesis from findings with rats, monkeys, and humans.},
  author={Squire, Larry R},
  journal={Psychological review},
  volume={99},
  number={2},
  pages={195},
  year={1992},
  publisher={American Psychological Association}
}

@software{gpt-neo,
  author       = {Black, Sid and
                  Gao, Leo and
                  Wang, Phil and
                  Leahy, Connor and
                  Biderman, Stella},
  title        = {{GPT-Neo: Large Scale Autoregressive Language 
                   Modeling with Mesh-Tensorflow}},
  month        = mar,
  year         = 2021,
  note         = {{If you use this software, please cite it using 
                   these metadata.}},
  publisher    = {Zenodo},
  version      = {1.0},
  doi          = {10.5281/zenodo.5297715},
  url          = {https://doi.org/10.5281/zenodo.5297715}
}

@article{gao2020pile,
  title={The Pile: An 800GB Dataset of Diverse Text for Language Modeling},
  author={Gao, Leo and Biderman, Stella and Black, Sid and Golding, Laurence and Hoppe, Travis and Foster, Charles and Phang, Jason and He, Horace and Thite, Anish and Nabeshima, Noa and others},
  journal={arXiv preprint arXiv:2101.00027},
  year={2020}
}

@article{cohen1980preserved,
  title={Preserved learning and retention of pattern-analyzing skill in amnesia: Dissociation of knowing how and knowing that},
  author={Cohen, Neal J and Squire, Larry R},
  journal={Science},
  volume={210},
  number={4466},
  pages={207--210},
  year={1980},
  publisher={American Association for the Advancement of Science}
}

@article{t52020,
  author  = {Colin Raffel and Noam Shazeer and Adam Roberts and Katherine Lee and Sharan Narang and Michael Matena and Yanqi Zhou and Wei Li and Peter J. Liu},
  title   = {Exploring the Limits of Transfer Learning with a Unified Text-to-Text Transformer},
  journal = {Journal of Machine Learning Research},
  year    = {2020},
  volume  = {21},
  number  = {140},
  pages   = {1-67},
  url     = {http://jmlr.org/papers/v21/20-074.html}
}

@article{radford2019language,
  title={Language models are unsupervised multitask learners},
  author={Radford, Alec and Wu, Jeffrey and Child, Rewon and Luan, David and Amodei, Dario and Sutskever, Ilya and others},
  journal={OpenAI blog},
  volume={1},
  number={8},
  pages={9},
  year={2019}
}

@ARTICLE{Bommasani2021-rp,
  title         = "On the Opportunities and Risks of Foundation Models",
  author        = "Bommasani, Rishi and Hudson, Drew A and Adeli, Ehsan and
                   Altman, Russ and Arora, Simran and von Arx, Sydney and
                   Bernstein, Michael S and Bohg, Jeannette and Bosselut,
                   Antoine and Brunskill, Emma and Brynjolfsson, Erik and Buch,
                   Shyamal and Card, Dallas and Castellon, Rodrigo and
                   Chatterji, Niladri and Chen, Annie and Creel, Kathleen and
                   Davis, Jared Quincy and Demszky, Dora and Donahue, Chris and
                   Doumbouya, Moussa and Durmus, Esin and Ermon, Stefano and
                   Etchemendy, John and Ethayarajh, Kawin and Fei-Fei, Li and
                   Finn, Chelsea and Gale, Trevor and Gillespie, Lauren and
                   Goel, Karan and Goodman, Noah and Grossman, Shelby and Guha,
                   Neel and Hashimoto, Tatsunori and Henderson, Peter and
                   Hewitt, John and Ho, Daniel E and Hong, Jenny and Hsu, Kyle
                   and Huang, Jing and Icard, Thomas and Jain, Saahil and
                   Jurafsky, Dan and Kalluri, Pratyusha and Karamcheti,
                   Siddharth and Keeling, Geoff and Khani, Fereshte and
                   Khattab, Omar and Kohd, Pang Wei and Krass, Mark and
                   Krishna, Ranjay and Kuditipudi, Rohith and Kumar, Ananya and
                   Ladhak, Faisal and Lee, Mina and Lee, Tony and Leskovec,
                   Jure and Levent, Isabelle and Li, Xiang Lisa and Li, Xuechen
                   and Ma, Tengyu and Malik, Ali and Manning, Christopher D and
                   Mirchandani, Suvir and Mitchell, Eric and Munyikwa, Zanele
                   and Nair, Suraj and Narayan, Avanika and Narayanan, Deepak
                   and Newman, Ben and Nie, Allen and Niebles, Juan Carlos and
                   Nilforoshan, Hamed and Nyarko, Julian and Ogut, Giray and
                   Orr, Laurel and Papadimitriou, Isabel and Park, Joon Sung
                   and Piech, Chris and Portelance, Eva and Potts, Christopher
                   and Raghunathan, Aditi and Reich, Rob and Ren, Hongyu and
                   Rong, Frieda and Roohani, Yusuf and Ruiz, Camilo and Ryan,
                   Jack and R{\'e}, Christopher and Sadigh, Dorsa and Sagawa,
                   Shiori and Santhanam, Keshav and Shih, Andy and Srinivasan,
                   Krishnan and Tamkin, Alex and Taori, Rohan and Thomas, Armin
                   W and Tram{\`e}r, Florian and Wang, Rose E and Wang, William
                   and Wu, Bohan and Wu, Jiajun and Wu, Yuhuai and Xie, Sang
                   Michael and Yasunaga, Michihiro and You, Jiaxuan and
                   Zaharia, Matei and Zhang, Michael and Zhang, Tianyi and
                   Zhang, Xikun and Zhang, Yuhui and Zheng, Lucia and Zhou,
                   Kaitlyn and Liang, Percy",
  month         =  aug,
  year          =  2021,
  archivePrefix = "arXiv",
  primaryClass  = "cs.LG",
  eprint        = "2108.07258"
}

@inproceedings{feldman2020does,
  title={Does learning require memorization? {A} short tale about a long tail},
  author={Feldman, Vitaly},
  booktitle={STOC},
  year={2020}
}

@article{Basu2021InfluenceFI,
  title={Influence Functions in Deep Learning Are Fragile},
  author={Samyadeep Basu and Philip Pope and Soheil Feizi},
  journal={ArXiv},
  year={2021},
  volume={abs/2006.14651}
}

@article{Koh2017UnderstandingBP,
  title={Understanding Black-box Predictions via Influence Functions},
  author={Pang Wei Koh and Percy Liang},
  journal={ArXiv},
  year={2017},
  volume={abs/1703.04730}
}

@inproceedings{Koh2019OnTA,
  title={On the Accuracy of Influence Functions for Measuring Group Effects},
  author={Pang Wei Koh and Kai-Siang Ang and Hubert Hua Kian Teo and Percy Liang},
  booktitle={NeurIPS},
  year={2019}
}

@article{Pruthi2020EstimatingTD,
  title={Estimating Training Data Influence by Tracking Gradient Descent},
  author={Garima Pruthi and Frederick Liu and Mukund Sundararajan and Satyen Kale},
  journal={ArXiv},
  year={2020},
  volume={abs/2002.08484}
}

@inproceedings{song2017machine,
  title={Machine Learning Models that Remember Too Much},
  author={Song, Congzheng and Ristenpart, Thomas and Shmatikov, Vitaly},
  booktitle={ACM CCS},
  year={2017}
}

@article{zhang2016understanding,
  title={Understanding deep learning requires rethinking generalization},
  author={Zhang, Chiyuan and Bengio, Samy and Hardt, Moritz and Recht, Benjamin and Vinyals, Oriol},
  journal={ICLR},
  year={2017}
}

@inproceedings{carlini2019secret,
  title={The secret sharer: Evaluating and testing unintended memorization in neural networks},
  author={Carlini, Nicholas and Liu, Chang and Erlingsson, {\'U}lfar and Kos, Jernej and Song, Dawn},
  booktitle={USENIX Security Symposium},
  year={2019}
}

@article{kaplan2020scaling,
  title={Scaling laws for neural language models},
  author={Kaplan, Jared and McCandlish, Sam and Henighan, Tom and Brown, Tom B and Chess, Benjamin and Child, Rewon and Gray, Scott and Radford, Alec and Wu, Jeffrey and Amodei, Dario},
  journal={arXiv preprint arXiv:2001.08361},
  year={2020}
}

@article{brown2020memorization,
  title={When is Memorization of Irrelevant Training Data Necessary for High-Accuracy Learning?},
  author={Brown, Gavin and Bun, Mark and Feldman, Vitaly and Smith, Adam and Talwar, Kunal},
  journal={arXiv preprint arXiv:2012.06421},
  year={2020}
}

@inproceedings{khandelwal20generalization,
  title={{Generalization through Memorization: Nearest Neighbor Language Models}},
  author={Khandelwal, Urvashi and Levy, Omer and Jurafsky, Dan and Zettlemoyer, Luke and Lewis, Mike},
  booktitle={International Conference on Learning Representations (ICLR)},
  year={2020}
}

@misc{henderson2017ethical,
      title={Ethical Challenges in Data-Driven Dialogue Systems}, 
      author={Peter Henderson and Koustuv Sinha and Nicolas Angelard-Gontier and Nan Rosemary Ke and Genevieve Fried and Ryan Lowe and Joelle Pineau},
      year={2017},
      eprint={1711.09050},
      archivePrefix={arXiv},
      primaryClass={cs.CL}
}

@misc{thakkar2020understanding,
      title={Understanding Unintended Memorization in Federated Learning}, 
      author={Om Thakkar and Swaroop Ramaswamy and Rajiv Mathews and Françoise Beaufays},
      year={2020},
      eprint={2006.07490},
      archivePrefix={arXiv},
      primaryClass={cs.LG}
}

@article{ramaswamy2020training,
  title={Training production language models without memorizing user data},
  author={Ramaswamy, Swaroop and Thakkar, Om and Mathews, Rajiv and Andrew, Galen and McMahan, H Brendan and Beaufays, Fran{\c{c}}oise},
  journal={arXiv preprint arXiv:2009.10031},
  year={2020}
}

@article{Zanella_B_guelin_2020,
   title={Analyzing Information Leakage of Updates to Natural Language Models},
   ISBN={9781450370899},
   url={http://dx.doi.org/10.1145/3372297.3417880},
   DOI={10.1145/3372297.3417880},
   journal={Proceedings of the 2020 ACM SIGSAC Conference on Computer and Communications Security},
   publisher={ACM},
   author={Zanella-Béguelin, Santiago and Wutschitz, Lukas and Tople, Shruti and Rühle, Victor and Paverd, Andrew and Ohrimenko, Olga and Köpf, Boris and Brockschmidt, Marc},
   year={2020},
   month={Oct}
}

@article{goodfellow2014generative,
  title={Generative adversarial nets},
  author={Goodfellow, Ian and Pouget-Abadie, Jean and Mirza, Mehdi and Xu, Bing and Warde-Farley, David and Ozair, Sherjil and Courville, Aaron and Bengio, Yoshua},
  journal={Advances in neural information processing systems},
  volume={27},
  year={2014}
}

@inproceedings{abadi2016deep,
  title={Deep learning with differential privacy},
  author={Abadi, Martin and Chu, Andy and Goodfellow, Ian and McMahan, H Brendan and Mironov, Ilya and Talwar, Kunal and Zhang, Li},
  booktitle={Proceedings of the 2016 ACM SIGSAC conference on computer and communications security},
  pages={308--318},
  year={2016}
}

@article{mukherjee2006learning,
  title={Learning theory: stability is sufficient for generalization and necessary and sufficient for consistency of empirical risk minimization},
  author={Mukherjee, Sayan and Niyogi, Partha and Poggio, Tomaso and Rifkin, Ryan},
  journal={Advances in Computational Mathematics},
  volume={25},
  number={1},
  pages={161--193},
  year={2006},
  publisher={Springer}
}

@article{dwork2014algorithmic,
  title={The algorithmic foundations of differential privacy.},
  author={Dwork, Cynthia and Roth, Aaron and others},
  journal={Found. Trends Theor. Comput. Sci.},
  volume={9},
  number={3-4},
  pages={211--407},
  year={2014}
}

@inproceedings{arjovsky2017wasserstein,
  title={Wasserstein generative adversarial networks},
  author={Arjovsky, Martin and Chintala, Soumith and Bottou, L{\'e}on},
  booktitle={International conference on machine learning},
  pages={214--223},
  year={2017},
  organization={PMLR}
}

@misc{ziegler2021copilot,
    title={{GitHub} {Copilot}: Parrot or Crow?},
    author={Albert Ziegler},
    year={2021},
    howpublished={https://docs.github.com/en/github/copilot/research-recitation}
}

@misc{sablayrolles2019whitebox,
      title={White-box vs Black-box: Bayes Optimal Strategies for Membership Inference}, 
      author={Alexandre Sablayrolles and Matthijs Douze and Yann Ollivier and Cordelia Schmid and Hervé Jégou},
      year={2019},
      eprint={1908.11229},
      archivePrefix={arXiv},
      primaryClass={stat.ML}
}

@inproceedings{long2020pragmatic,
  title={A Pragmatic Approach to Membership Inferences on Machine Learning Models},
  author={Long, Yunhui and Wang, Lei and Bu, Diyue and Bindschaedler, Vincent and Wang, Xiaofeng and Tang, Haixu and Gunter, Carl A and Chen, Kai},
  booktitle={2020 IEEE European Symposium on Security and Privacy (EuroS\&P)},
  pages={521--534},
  year={2020},
  organization={IEEE}
}

@article{mccoy2021raven,
  author    = {R. Thomas McCoy and
               Paul Smolensky and
               Tal Linzen and
               Jianfeng Gao and
               Asli Celikyilmaz},
  title     = {How much do language models copy from their training data? Evaluating
               linguistic novelty in text generation using {RAVEN}},
  journal   = {CoRR},
  volume    = {abs/2111.09509},
  year      = {2021},
  url       = {https://arxiv.org/abs/2111.09509},
  eprinttype = {arXiv},
  eprint    = {2111.09509},
  timestamp = {Mon, 22 Nov 2021 16:44:07 +0100},
  biburl    = {https://dblp.org/rec/journals/corr/abs-2111-09509.bib},
  bibsource = {dblp computer science bibliography, https://dblp.org}
}

@inproceedings{dwork2006calibrating,
  title={Calibrating noise to sensitivity in private data analysis},
  author={Dwork, Cynthia and McSherry, Frank and Nissim, Kobbi and Smith, Adam},
  booktitle={Theory of cryptography conference},
  pages={265--284},
  year={2006},
  organization={Springer}
}

@inproceedings{yeom2018privacy,
  title={Privacy risk in machine learning: Analyzing the connection to overfitting},
  author={Yeom, Samuel and Giacomelli, Irene and Fredrikson, Matt and Jha, Somesh},
  booktitle={2018 IEEE 31st Computer Security Foundations Symposium (CSF)},
  pages={268--282},
  year={2018},
  organization={IEEE}
}

@article{jagielski2020auditing,
  title={Auditing differentially private machine learning: How private is private sgd?},
  author={Jagielski, Matthew and Ullman, Jonathan and Oprea, Alina},
  journal={arXiv preprint arXiv:2006.07709},
  year={2020}
}

@article{nasr2021adversary,
  title={Adversary instantiation: Lower bounds for differentially private machine learning},
  author={Nasr, Milad and Song, Shuang and Thakurta, Abhradeep and Papernot, Nicolas and Carlini, Nicholas},
  journal={arXiv preprint arXiv:2101.04535},
  year={2021}
}

@article{chen2021evaluating,
  title={Evaluating large language models trained on code},
  author={Chen, Mark and Tworek, Jerry and Jun, Heewoo and Yuan, Qiming and Pinto, Henrique Ponde de Oliveira and Kaplan, Jared and Edwards, Harri and Burda, Yuri and Joseph, Nicholas and Brockman, Greg and others},
  journal={arXiv preprint arXiv:2107.03374},
  year={2021}
}

@inproceedings{jayaraman2019evaluating,
  title={Evaluating differentially private machine learning in practice},
  author={Jayaraman, Bargav and Evans, David},
  booktitle={28th $\{$USENIX$\}$ Security Symposium ($\{$USENIX$\}$ Security 19)},
  pages={1895--1912},
  year={2019}
}

@misc{gpt-j,
  author = {Wang, Ben and Komatsuzaki, Aran},
  title = {{GPT-J-6B: A 6 Billion Parameter Autoregressive Language Model}},
  howpublished = {\url{https://github.com/kingoflolz/mesh-transformer-jax}},
  year = 2021,
  month = May
}

@article {colinpaper,
  title={Deduplicating Training Data Mitigates Privacy Risks in Language Models},
  author={Nikhil Kandpal, Eric Wallace, Colin Raffel},
  journal={arXiv preprint},
  year={2021}
}

@misc{brown2022does,
      title={What Does it Mean for a Language Model to Preserve Privacy?}, 
      author={Hannah Brown and Katherine Lee and Fatemehsadat Mireshghallah and Reza Shokri and Florian Tramèr},
      year={2022},
      eprint={2202.05520},
      archivePrefix={arXiv},
      primaryClass={stat.ML}
}