@article{DBLP:journals/corr/abs-2010-03802,
  author    = {Parker Riley and
               Noah Constant and
               Mandy Guo and
               Girish Kumar and
               David C. Uthus and
               Zarana Parekh},
  title     = {TextSETTR: Label-Free Text Style Extraction and Tunable Targeted Restyling},
  journal   = {Proceedings of the Annual Meeting of the Association of Computational Linguistics (ACL)},
  year      = {2021},
  url       = {https://arxiv.org/abs/2010.03802},
  archivePrefix = {arXiv},
  eprint    = {2010.03802},
  timestamp = {Tue, 13 Oct 2020 15:25:23 +0200},
  biburl    = {https://dblp.org/rec/journals/corr/abs-2010-03802.bib},
  bibsource = {dblp computer science bibliography, https://dblp.org}
}
@article{liu2021pre,
  title={Pre-train, prompt, and predict: A systematic survey of prompting methods in natural language processing},
  author={Liu, Pengfei and Yuan, Weizhe and Fu, Jinlan and Jiang, Zhengbao and Hayashi, Hiroaki and Neubig, Graham},
  journal={arXiv preprint arXiv:2107.13586},
  year={2021},
  url={https://arxiv.org/pdf/2107.13586.pdf}
}

@inproceedings{style-transfer-as-paraphrase-2020,
    title = "Reformulating Unsupervised Style Transfer as Paraphrase Generation",
    author = "Krishna, Kalpesh  and
      Wieting, John  and
      Iyyer, Mohit",
    booktitle = "Proceedings of the 2020 Conference on Empirical Methods in Natural Language Processing (EMNLP)",
    month = nov,
    year = "2020",
    address = "Online",
    publisher = "Association for Computational Linguistics",
    url = "https://www.aclweb.org/anthology/2020.emnlp-main.55",
    doi = "10.18653/v1/2020.emnlp-main.55",
    pages = "737--762",
}

@article{puri2019zero,
  title={Zero-shot text classification with generative language models},
  author={Puri, Raul and Catanzaro, Bryan},
  journal={arXiv preprint arXiv:1912.10165},
  year={2019},
  url={https://arxiv.org/abs/1912.10165}
}

@inproceedings{weller-etal-2020-learning,
    title = "Learning from Task Descriptions",
    author = "Weller, Orion  and
      Lourie, Nicholas  and
      Gardner, Matt  and
      Peters, Matthew E.",
    booktitle = "Proceedings of the 2020 Conference on Empirical Methods in Natural Language Processing (EMNLP)",
    month = nov,
    year = "2020",
    address = "Online",
    publisher = "Association for Computational Linguistics",
    url = "https://www.aclweb.org/anthology/2020.emnlp-main.105",
    doi = "10.18653/v1/2020.emnlp-main.105",
    pages = "1361--1375",
}

@inproceedings{dai-etal-2019-style,
    title = "Style Transformer: Unpaired Text Style Transfer without Disentangled Latent Representation",
    author = "Dai, Ning  and
      Liang, Jianze  and
      Qiu, Xipeng  and
      Huang, Xuanjing",
    booktitle = "Proceedings of the 57th Annual Meeting of the Association for Computational Linguistics",
    month = jul,
    year = "2019",
    address = "Florence, Italy",
    publisher = "Association for Computational Linguistics",
    url = "https://www.aclweb.org/anthology/P19-1601",
    doi = "10.18653/v1/P19-1601",
    pages = "5997--6007",
}

@inproceedings{xu-etal-2018-unpaired,
    title = "Unpaired Sentiment-to-Sentiment Translation: A Cycled Reinforcement Learning Approach",
    author = "Xu, Jingjing  and
      Sun, Xu  and
      Zeng, Qi  and
      Zhang, Xiaodong  and
      Ren, Xuancheng  and
      Wang, Houfeng  and
      Li, Wenjie",
    booktitle = "Proceedings of the 56th Annual Meeting of the Association for Computational Linguistics (Volume 1: Long Papers)",
    month = jul,
    year = "2018",
    address = "Melbourne, Australia",
    publisher = "Association for Computational Linguistics",
    url = "https://www.aclweb.org/anthology/P18-1090",
    doi = "10.18653/v1/P18-1090",
    pages = "979--988",
}

@inproceedings{DBLP:conf/ijcai/LuoLZYCSS19,
  author    = {Fuli Luo and
               Peng Li and
               Jie Zhou and
               Pengcheng Yang and
               Baobao Chang and
               Xu Sun and
               Zhifang Sui},
  editor    = {Sarit Kraus},
  title     = {A Dual Reinforcement Learning Framework for Unsupervised Text Style
               Transfer},
  booktitle = {Proceedings of the Twenty-Eighth International Joint Conference on
               Artificial Intelligence, {IJCAI} 2019, Macao, China, August 10-16,
               2019},
  pages     = {5116--5122},
  publisher = {ijcai.org},
  year      = {2019},
  url       = {https://doi.org/10.24963/ijcai.2019/711},
  doi       = {10.24963/ijcai.2019/711},
  timestamp = {Wed, 22 Jan 2020 14:30:11 +0100},
  biburl    = {https://dblp.org/rec/conf/ijcai/LuoLZYCSS19.bib},
  bibsource = {dblp computer science bibliography, https://dblp.org}
}

@inproceedings{li-etal-2018-delete,
    title = "Delete, Retrieve, Generate: a Simple Approach to Sentiment and Style Transfer",
    author = "Li, Juncen  and
      Jia, Robin  and
      He, He  and
      Liang, Percy",
    booktitle = "Proceedings of the 2018 Conference of the North {A}merican Chapter of the Association for Computational Linguistics: Human Language Technologies, Volume 1 (Long Papers)",
    month = jun,
    year = "2018",
    address = "New Orleans, Louisiana",
    publisher = "Association for Computational Linguistics",
    url = "https://www.aclweb.org/anthology/N18-1169",
    doi = "10.18653/v1/N18-1169",
    pages = "1865--1874",
}

@inproceedings{AAAI1817015,
	author = {Zhenxin Fu and Xiaoye Tan and Nanyun Peng and Dongyan Zhao and Rui Yan},
	title = {Style Transfer in Text: Exploration and Evaluation},
	booktitle = {Proceedings of the AAAI Conference on Artificial Intelligence},
	year = {2018},
	keywords = {},
	url = {https://www.aaai.org/ocs/index.php/AAAI/AAAI18/paper/view/17015}
}

@inproceedings{holtzman2019curious,
  title={The Curious Case of Neural Text Degeneration},
  author={Holtzman, Ari and Buys, Jan and Du, Li and Forbes, Maxwell and Choi, Yejin},
  booktitle={International Conference on Learning Representations},
  year={2019}
}

@article{john2018disentangled,
  title={Disentangled representation learning for non-parallel text style transfer},
  author={John, Vineet and Mou, Lili and Bahuleyan, Hareesh and Vechtomova, Olga},
  journal={arXiv preprint arXiv:1808.04339},
  year={2018}
}

@article{jhamtani2017shakespearizing,
  title={Shakespearizing modern language using copy-enriched sequence-to-sequence models},
  author={Jhamtani, Harsh and Gangal, Varun and Hovy, Eduard and Nyberg, Eric},
  journal={arXiv preprint arXiv:1707.01161},
  year={2017}
}

@article{carlson2018evaluating,
  title={Evaluating prose style transfer with the Bible},
  author={Carlson, Keith and Riddell, Allen and Rockmore, Daniel},
  journal={Royal Society open science},
  volume={5},
  number={10},
  pages={171920},
  year={2018},
  publisher={The Royal Society}
}

@inproceedings{wang2019harnessing,
  title={Harnessing pre-trained neural networks with rules for formality style transfer},
  author={Wang, Yunli and Wu, Yu and Mou, Lili and Li, Zhoujun and Chao, Wenhan},
  booktitle={Proceedings of the 2019 Conference on Empirical Methods in Natural Language Processing and the 9th International Joint Conference on Natural Language Processing (EMNLP-IJCNLP)},
  pages={3564--3569},
  year={2019}
}

@article{wang2019controllable,
  title={Controllable unsupervised text attribute transfer via editing entangled latent representation},
  author={Wang, Ke and Hua, Hang and Wan, Xiaojun},
  journal={arXiv preprint arXiv:1905.12926},
  year={2019}
}

@article{zeng2020style,
  title={Style example-guided text generation using generative adversarial transformers},
  author={Zeng, Kuo-Hao and Shoeybi, Mohammad and Liu, Ming-Yu},
  journal={arXiv preprint arXiv:2003.00674},
  year={2020}
}

@article{dai2019style,
  title={Style transformer: Unpaired text style transfer without disentangled latent representation},
  author={Dai, Ning and Liang, Jianze and Qiu, Xipeng and Huang, Xuanjing},
  journal={arXiv preprint arXiv:1905.05621},
  year={2019}
}

@article{DBLP:journals/corr/abs-1905-11975,
  author    = {Peng Xu and
               Yanshuai Cao and
               Jackie Chi Kit Cheung},
  title     = {On Variational Learning of Controllable Representations for Text without Supervision},
  journal   = {Proceedings of the International Conference on Machine Learning (ICML)},
  year      = {2020},
  url       = {http://arxiv.org/abs/1905.11975},
  archivePrefix = {arXiv},
  eprint    = {1905.11975},
  timestamp = {Mon, 03 Jun 2019 13:42:33 +0200},
  biburl    = {https://dblp.org/rec/journals/corr/abs-1905-11975.bib},
  bibsource = {dblp computer science bibliography, https://dblp.org},
  volume    = {abs/1905.11975},
}
@article{DBLP:journals/corr/abs-2005-14165,
  author    = {Tom B. Brown and
               Benjamin Mann and
               Nick Ryder and
               Melanie Subbiah and
               Jared Kaplan and
               Prafulla Dhariwal and
               Arvind Neelakantan and
               Pranav Shyam and
               Girish Sastry and
               Amanda Askell and
               Sandhini Agarwal and
               Ariel Herbert{-}Voss and
               Gretchen Krueger and
               Tom Henighan and
               Rewon Child and
               Aditya Ramesh and
               Daniel M. Ziegler and
               Jeffrey Wu and
               Clemens Winter and
               Christopher Hesse and
               Mark Chen and
               Eric Sigler and
               Mateusz Litwin and
               Scott Gray and
               Benjamin Chess and
               Jack Clark and
               Christopher Berner and
               Sam McCandlish and
               Alec Radford and
               Ilya Sutskever and
               Dario Amodei},
  title     = {Language Models are Few-Shot Learners},
  journal   = {CoRR},
  volume    = {abs/2005.14165},
  year      = {2020},
  url       = {https://arxiv.org/abs/2005.14165},
  archivePrefix = {arXiv},
  eprint    = {2005.14165},
  timestamp = {Wed, 03 Jun 2020 11:36:54 +0200},
  biburl    = {https://dblp.org/rec/journals/corr/abs-2005-14165.bib},
  bibsource = {dblp computer science bibliography, https://dblp.org}
}

@article{DBLP:journals/corr/abs-2102-07350,
  author    = {Laria Reynolds and
               Kyle McDonell},
  title     = {Prompt Programming for Large Language Models: Beyond the Few-Shot
               Paradigm},
  journal   = {CoRR},
  volume    = {abs/2102.07350},
  year      = {2021},
  url       = {https://arxiv.org/abs/2102.07350},
  archivePrefix = {arXiv},
  eprint    = {2102.07350},
  timestamp = {Thu, 18 Feb 2021 15:26:00 +0100},
  biburl    = {https://dblp.org/rec/journals/corr/abs-2102-07350.bib},
  bibsource = {dblp computer science bibliography, https://dblp.org}
}

@article{DBLP:journals/corr/abs-1910-10683,
  author    = {Colin Raffel and
               Noam Shazeer and
               Adam Roberts and
               Katherine Lee and
               Sharan Narang and
               Michael Matena and
               Yanqi Zhou and
               Wei Li and
               Peter J. Liu},
  title     = {Exploring the Limits of Transfer Learning with a Unified Text-to-Text
               Transformer},
  journal   = {CoRR},
  volume    = {abs/1910.10683},
  year      = {2019},
  url       = {http://arxiv.org/abs/1910.10683},
  archivePrefix = {arXiv},
  eprint    = {1910.10683},
  timestamp = {Fri, 05 Feb 2021 15:43:41 +0100},
  biburl    = {https://dblp.org/rec/journals/corr/abs-1910-10683.bib},
  bibsource = {dblp computer science bibliography, https://dblp.org}
}

@inproceedings{jin-etal-2019-imat,
    title = "{IM}a{T}: Unsupervised Text Attribute Transfer via Iterative Matching and Translation",
    author = "Jin, Zhijing  and
      Jin, Di  and
      Mueller, Jonas  and
      Matthews, Nicholas  and
      Santus, Enrico",
    booktitle = "Proceedings of the 2019 Conference on Empirical Methods in Natural Language Processing and the 9th International Joint Conference on Natural Language Processing (EMNLP-IJCNLP)",
    month = nov,
    year = "2019",
    address = "Hong Kong, China",
    publisher = "Association for Computational Linguistics",
    url = "https://www.aclweb.org/anthology/D19-1306",
    doi = "10.18653/v1/D19-1306",
    pages = "3097--3109",
}

@inproceedings{ijcai2019-711,
  title     = {A Dual Reinforcement Learning Framework for Unsupervised Text Style Transfer},
  author    = {Luo, Fuli and Li, Peng and Zhou, Jie and Yang, Pengcheng and Chang, Baobao and Sun, Xu and Sui, Zhifang},
  booktitle = {Proceedings of the Twenty-Eighth International Joint Conference on
               Artificial Intelligence, {IJCAI-19}},
  publisher = {International Joint Conferences on Artificial Intelligence Organization},             
  pages     = {5116--5122},
  year      = {2019},
  month     = {7},
  doi       = {10.24963/ijcai.2019/711},
  url       = {https://doi.org/10.24963/ijcai.2019/711},
}


@inproceedings{NIPS2017_2d2c8394,
 author = {Shen, Tianxiao and Lei, Tao and Barzilay, Regina and Jaakkola, Tommi},
 booktitle = {Advances in Neural Information Processing Systems},
 editor = {I. Guyon and U. V. Luxburg and S. Bengio and H. Wallach and R. Fergus and S. Vishwanathan and R. Garnett},
 pages = {},
 publisher = {Curran Associates, Inc.},
 title = {Style Transfer from Non-Parallel Text by Cross-Alignment},
 url = {https://proceedings.neurips.cc/paper/2017/file/2d2c8394e31101a261abf1784302bf75-Paper.pdf},
 volume = {30},
 year = {2017}
}

@inproceedings{liu2020revision,
  title={Revision in continuous space: Unsupervised text style transfer without adversarial learning},
  author={Liu, Dayiheng and Fu, Jie and Zhang, Yidan and Pal, Chris and Lv, Jiancheng},
  booktitle={Proceedings of the AAAI Conference on Artificial Intelligence},
  volume={34},
  number={05},
  pages={8376--8383},
  year={2020},
  url={https://arxiv.org/abs/1905.12304}
}

@inproceedings{madaan-etal-2020-politeness,
    title = "Politeness Transfer: A Tag and Generate Approach",
    author = "Madaan, Aman  and
      Setlur, Amrith  and
      Parekh, Tanmay  and
      Poczos, Barnabas  and
      Neubig, Graham  and
      Yang, Yiming  and
      Salakhutdinov, Ruslan  and
      Black, Alan W  and
      Prabhumoye, Shrimai",
    booktitle = "Proceedings of the 58th Annual Meeting of the Association for Computational Linguistics",
    month = jul,
    year = "2020",
    address = "Online",
    publisher = "Association for Computational Linguistics",
    url = "https://www.aclweb.org/anthology/2020.acl-main.169",
    doi = "10.18653/v1/2020.acl-main.169",
    pages = "1869--1881",
}

@inproceedings{prabhumoye-etal-2018-style,
    title = "Style Transfer Through Back-Translation",
    author = "Prabhumoye, Shrimai  and
      Tsvetkov, Yulia  and
      Salakhutdinov, Ruslan  and
      Black, Alan W",
    booktitle = "Proceedings of the 56th Annual Meeting of the Association for Computational Linguistics (Volume 1: Long Papers)",
    month = jul,
    year = "2018",
    address = "Melbourne, Australia",
    publisher = "Association for Computational Linguistics",
    url = "https://www.aclweb.org/anthology/P18-1080",
    doi = "10.18653/v1/P18-1080",
    pages = "866--876",
}

@article{10.1145/3449139,
author = {Liu, Ruibo and Jia, Chenyan and Vosoughi, Soroush},
title = {A Transformer-Based Framework for Neutralizing and Reversing the Political Polarity of News Articles},
year = {2021},
issue_date = {April 2021},
publisher = {Association for Computing Machinery},
address = {New York, NY, USA},
volume = {5},
number = {CSCW1},
url = {https://doi.org/10.1145/3449139},
doi = {10.1145/3449139},
journal = {Proc. ACM Hum.-Comput. Interact.},
month = apr,
articleno = {65},
numpages = {26},
keywords = {journalism, selective exposure, transformer-based models, neural networks, echo chamber, automatic polarity transfer, political polarization}
}

@inproceedings{rao-tetreault-2018-dear,
    title = "Dear Sir or Madam, May {I} Introduce the {GYAFC} Dataset: Corpus, Benchmarks and Metrics for Formality Style Transfer",
    author = "Rao, Sudha  and
      Tetreault, Joel",
    booktitle = "Proceedings of the 2018 Conference of the North {A}merican Chapter of the Association for Computational Linguistics: Human Language Technologies, Volume 1 (Long Papers)",
    month = jun,
    year = "2018",
    address = "New Orleans, Louisiana",
    publisher = "Association for Computational Linguistics",
    url = "https://www.aclweb.org/anthology/N18-1012",
    doi = "10.18653/v1/N18-1012",
    pages = "129--140",
}

@inproceedings{zhu-etal-2010-monolingual,
    title = "A Monolingual Tree-based Translation Model for Sentence Simplification",
    author = "Zhu, Zhemin  and
      Bernhard, Delphine  and
      Gurevych, Iryna",
    booktitle = "Proceedings of the 23rd International Conference on Computational Linguistics (COLING 2010)",
    month = aug,
    year = "2010",
    address = "Beijing, China",
    publisher = "Coling 2010 Organizing Committee",
    url = "https://www.aclweb.org/anthology/C10-1152",
    pages = "1353--1361",
}

@inproceedings{mcdonald-pustejovsky-1985-computational,
    title = "A Computational Theory of Prose Style for Natural Language Generation",
    author = "McDonald, David D.  and
      Pustejovsky, James D.",
    booktitle = "Second Conference of the {E}uropean Chapter of the Association for Computational Linguistics",
    month = mar,
    year = "1985",
    address = "Geneva, Switzerland",
    publisher = "Association for Computational Linguistics",
    url = "https://www.aclweb.org/anthology/E85-1027",
}

@inproceedings{schick-schutze-2021-just,
    title = "It{'}s Not Just Size That Matters: Small Language Models Are Also Few-Shot Learners",
    author = {Schick, Timo  and
      Sch{\"u}tze, Hinrich},
    booktitle = "Proceedings of the 2021 Conference of the North American Chapter of the Association for Computational Linguistics: Human Language Technologies",
    month = jun,
    year = "2021",
    address = "Online",
    publisher = "Association for Computational Linguistics",
    url = "https://www.aclweb.org/anthology/2021.naacl-main.185",
    pages = "2339--2352",
}

@article{DBLP:journals/corr/abs-2010-12742,
  author    = {Zhiqiang Hu and
               Roy Ka{-}Wei Lee and
               Charu C. Aggarwal},
  title     = {Text Style Transfer: {A} Review and Experiment Evaluation},
  journal   = {CoRR},
  volume    = {abs/2010.12742},
  year      = {2020},
  url       = {https://arxiv.org/abs/2010.12742},
  archivePrefix = {arXiv},
  eprint    = {2010.12742},
  timestamp = {Mon, 02 Nov 2020 18:17:09 +0100},
  biburl    = {https://dblp.org/rec/journals/corr/abs-2010-12742.bib},
  bibsource = {dblp computer science bibliography, https://dblp.org}
}

@article{DBLP:journals/corr/abs-2011-00416,
  author    = {Di Jin and
               Zhijing Jin and
               Zhiting Hu and
               Olga Vechtomova and
               Rada Mihalcea},
  title     = {Deep Learning for Text Style Transfer: {A} Survey},
  journal   = {CoRR},
  volume    = {abs/2011.00416},
  year      = {2020},
  url       = {https://arxiv.org/abs/2011.00416},
  archivePrefix = {arXiv},
  eprint    = {2011.00416},
  timestamp = {Tue, 27 Apr 2021 16:14:25 +0200},
  biburl    = {https://dblp.org/rec/journals/corr/abs-2011-00416.bib},
  bibsource = {dblp computer science bibliography, https://dblp.org}
}

@inproceedings{10.1145/3442188.3445922,
author = {Bender, Emily M. and Gebru, Timnit and McMillan-Major, Angelina and Shmitchell, Shmargaret},
title = {On the Dangers of Stochastic Parrots: Can Language Models Be Too Big?},
year = {2021},
isbn = {9781450383097},
publisher = {Association for Computing Machinery},
address = {New York, NY, USA},
url = {https://doi.org/10.1145/3442188.3445922},
doi = {10.1145/3442188.3445922},
booktitle = {Proceedings of the 2021 ACM Conference on Fairness, Accountability, and Transparency},
pages = {610–623},
numpages = {14},
location = {Virtual Event, Canada},
series = {FAccT '21}
}


@inproceedings{demszky-2020-goemotions,
    title = "{G}o{E}motions: A Dataset of Fine-Grained Emotions",
    author = "Demszky, Dorottya  and
      Movshovitz-Attias, Dana  and
      Ko, Jeongwoo  and
      Cowen, Alan  and
      Nemade, Gaurav  and
      Ravi, Sujith",
    booktitle = "Proceedings of the 58th Annual Meeting of the Association for Computational Linguistics",
    month = jul,
    year = "2020",
    address = "Online",
    publisher = "Association for Computational Linguistics",
    url = "https://www.aclweb.org/anthology/2020.acl-main.372",
    pages = "4040--4054",
}

@inproceedings{papineni2002bleu,
  title={Bleu: a method for automatic evaluation of machine translation},
  author={Papineni, Kishore and Roukos, Salim and Ward, Todd and Zhu, Wei-Jing},
  booktitle={Proceedings of the 40th annual meeting of the Association for Computational Linguistics},
  pages={311--318},
  year={2002}
}

@inproceedings{fan2018hierarchical,
    title = "Hierarchical Neural Story Generation",
    author = "Fan, Angela  and
      Lewis, Mike  and
      Dauphin, Yann",
    booktitle = "Proceedings of the 56th Annual Meeting of the Association for Computational Linguistics (Volume 1: Long Papers)",
    month = jul,
    year = "2018",
    address = "Melbourne, Australia",
    publisher = "Association for Computational Linguistics",
    url = "https://www.aclweb.org/anthology/P18-1082",
    doi = "10.18653/v1/P18-1082",
    pages = "889--898",
}

@inproceedings{wolf-etal-2020-transformers,
    title = "Transformers: State-of-the-Art Natural Language Processing",
    author = "Thomas Wolf and Lysandre Debut and Victor Sanh and Julien Chaumond and Clement Delangue and Anthony Moi and Pierric Cistac and Tim Rault and Rémi Louf and Morgan Funtowicz and Joe Davison and Sam Shleifer and Patrick von Platen and Clara Ma and Yacine Jernite and Julien Plu and Canwen Xu and Teven Le Scao and Sylvain Gugger and Mariama Drame and Quentin Lhoest and Alexander M. Rush",
    booktitle = "Proceedings of the 2020 Conference on Empirical Methods in Natural Language Processing: System Demonstrations",
    month = oct,
    year = "2020",
    address = "Online",
    publisher = "Association for Computational Linguistics",
    url = "https://www.aclweb.org/anthology/2020.emnlp-demos.6",
    pages = "38--45"
}

@article{zhangCharacterlevelConvolutionalNetworks2015,
  archivePrefix = {arXiv},
  eprinttype = {arxiv},
  eprint = {1509.01626},
  primaryClass = {cs},
  title = {Character-Level Convolutional Networks for Text Classification},
  journal = {Proceedings of the Conference on Neural Information Processing Systems},
  author = {Zhang, Xiang and Zhao, Junbo and LeCun, Yann},
  month = sep,
  year = {2015},
}

@misc{reynolds2021prompt,
      title={Prompt Programming for Large Language Models: Beyond the Few-Shot Paradigm}, 
      author={Laria Reynolds and Kyle McDonell},
      year={2021},
      eprint={2102.07350},
      archivePrefix={arXiv},
      primaryClass={cs.CL}
}

@inproceedings{Luo19DualRL,
  author    = {Fuli Luo and
               Peng Li and
               Jie Zhou and
               Pengcheng Yang and
               Baobao Chang and
               Zhifang Sui and
               Xu Sun},
  title     = {A Dual Reinforcement Learning Framework for Unsupervised Text Style Transfer},
  booktitle = {Proceedings of the 28th International Joint Conference on Artificial Intelligence, {IJCAI} 2019},
  year      = {2019},            
}

@misc{zhao2021calibrate,
      title={Calibrate Before Use: Improving Few-Shot Performance of Language Models}, 
      author={Tony Z. Zhao and Eric Wallace and Shi Feng and Dan Klein and Sameer Singh},
      year={2021},
      eprint={2102.09690},
      archivePrefix={arXiv},
      primaryClass={cs.CL}
}
@misc{gao2020making,
      title={Making Pre-trained Language Models Better Few-shot Learners}, 
      author={Tianyu Gao and Adam Fisch and Danqi Chen},
      year={2020},
      eprint={2012.15723},
      archivePrefix={arXiv},
      primaryClass={cs.CL}
}
@article{branwen2020gpt,
  title={{GPT}-3 Creative Fiction},
  author={Branwen, Gwern},
  year={2020},
  url={https://www.gwern.net/GPT-3}
}

@inproceedings{sudhakar-etal-2019-transforming,
    title = "{``}{T}ransforming{''} Delete, Retrieve, Generate Approach for Controlled Text Style Transfer",
    author = "Sudhakar, Akhilesh  and
      Upadhyay, Bhargav  and
      Maheswaran, Arjun",
    booktitle = "Proceedings of the 2019 Conference on Empirical Methods in Natural Language Processing and the 9th International Joint Conference on Natural Language Processing (EMNLP-IJCNLP)",
    month = nov,
    year = "2019",
    address = "Hong Kong, China",
    publisher = "Association for Computational Linguistics",
    url = "https://www.aclweb.org/anthology/D19-1322",
    doi = "10.18653/v1/D19-1322",
    pages = "3269--3279",
}

@misc{laugier2021civil,
      title={Civil Rephrases Of Toxic Texts With Self-Supervised Transformers}, 
      author={Leo Laugier and John Pavlopoulos and Jeffrey Sorensen and Lucas Dixon},
      year={2021},
      eprint={2102.05456},
      archivePrefix={arXiv},
      primaryClass={cs.CL}
}
@inproceedings{sakaguchi-van-durme-2018-efficient,
    title = "Efficient Online Scalar Annotation with Bounded Support",
    author = "Sakaguchi, Keisuke  and
      Van Durme, Benjamin",
    booktitle = "Proceedings of the 56th Annual Meeting of the Association for Computational Linguistics (Volume 1: Long Papers)",
    month = jul,
    year = "2018",
    address = "Melbourne, Australia",
    publisher = "Association for Computational Linguistics",
    url = "https://www.aclweb.org/anthology/P18-1020",
    doi = "10.18653/v1/P18-1020",
    pages = "208--218",
}

@article{DBLP:journals/corr/VaswaniSPUJGKP17,
  author    = {Ashish Vaswani and
               Noam Shazeer and
               Niki Parmar and
               Jakob Uszkoreit and
               Llion Jones and
               Aidan N. Gomez and
               Lukasz Kaiser and
               Illia Polosukhin},
  title     = {Attention Is All You Need},
  journal   = {CoRR},
  volume    = {abs/1706.03762},
  year      = {2017},
  url       = {http://arxiv.org/abs/1706.03762},
  archivePrefix = {arXiv},
  eprint    = {1706.03762},
  timestamp = {Sat, 23 Jan 2021 01:20:40 +0100},
  biburl    = {https://dblp.org/rec/journals/corr/VaswaniSPUJGKP17.bib},
  bibsource = {dblp computer science bibliography, https://dblp.org}
}

@article{DBLP:journals/corr/abs-1808-06226,
  author    = {Taku Kudo and
               John Richardson},
  title     = {SentencePiece: {A} simple and language independent subword tokenizer
               and detokenizer for Neural Text Processing},
  journal   = {CoRR},
  volume    = {abs/1808.06226},
  year      = {2018},
  url       = {http://arxiv.org/abs/1808.06226},
  archivePrefix = {arXiv},
  eprint    = {1808.06226},
  timestamp = {Sun, 02 Sep 2018 15:01:56 +0200},
  biburl    = {https://dblp.org/rec/journals/corr/abs-1808-06226.bib},
  bibsource = {dblp computer science bibliography, https://dblp.org}
}
@article{DBLP:journals/corr/abs-1904-02295,
  author    = {Remi Mir and
               Bjarke Felbo and
               Nick Obradovich and
               Iyad Rahwan},
  title     = {Evaluating Style Transfer for Text},
  journal   = {CoRR},
  volume    = {abs/1904.02295},
  year      = {2019},
  url       = {http://arxiv.org/abs/1904.02295},
  archivePrefix = {arXiv},
  eprint    = {1904.02295},
  timestamp = {Wed, 24 Apr 2019 12:21:25 +0200},
  biburl    = {https://dblp.org/rec/journals/corr/abs-1904-02295.bib},
  bibsource = {dblp computer science bibliography, https://dblp.org}
}